Type,Product,Started Date,Completed Date,Description,Amount,Fee,Currency,State,Balance
Deposit,Current,2022-10-30 17:19:57,2022-10-30 17:20:43,Top-up by *****,10.00,0.00,EUR,COMPLETED,10.00
Fee,Current,2022-10-30 17:20:43,2022-10-30 17:20:43,Card Delivery Fee,-7.99,0.00,EUR,COMPLETED,2.01
Deposit,Current,2022-10-31 11:05:57,2022-10-31 11:06:27,Top-up by *3398,500.00,0.00,EUR,COMPLETED,502.01
Deposit,Current,2022-10-31 11:22:19,2022-10-31 11:22:53,Top-up by *3398,750.00,0.00,EUR,COMPLETED,1252.01
Transfer,Current,2022-11-01 11:48:06,2022-11-01 11:48:12,To Smit Prafull Chandarana,-85.00,0.00,EUR,COMPLETED,1167.01
Deposit,Current,2022-11-01 12:00:02,2022-11-01 12:00:34,Top-up by *3398,500.00,0.00,EUR,COMPLETED,1667.01
Transfer,Current,2022-11-01 12:03:35,2022-11-01 12:03:58,Transfer to NAVEEN NOORBHASHA,-1.00,0.00,EUR,COMPLETED,1666.01
Transfer,Current,2022-11-01 12:05:48,2022-11-01 12:05:48,Transfer to NAVEEN NOORBHASHA,-1199.00,0.00,EUR,COMPLETED,467.01
Transfer,Current,2022-11-03 17:27:13,2022-11-03 17:27:13,Transfer to NAVEEN NOORBHASHA,-300.00,0.00,EUR,COMPLETED,167.01
Card Payment,Current,2022-11-03 10:32:12,2022-11-06 01:36:55,Emirates,-47.77,0.00,EUR,COMPLETED,119.24
Deposit,Current,2022-11-13 11:38:11,2022-11-13 11:38:43,Top-up by *3398,125.00,0.00,EUR,COMPLETED,244.24
Deposit,Current,2022-11-14 10:13:09,2022-11-14 10:13:09,Payment from PAYPAL EUROPE S.A.R.L. ET CIE S.C.A,0.08,0.00,EUR,COMPLETED,244.32
Deposit,Current,2022-11-14 10:13:14,2022-11-14 10:13:15,Payment from PAYPAL EUROPE S.A.R.L. ET CIE S.C.A,0.19,0.00,EUR,COMPLETED,244.51
Deposit,Current,2022-11-14 18:44:45,2022-11-14 18:45:08,Top-up by *****,500.00,0.00,EUR,COMPLETED,744.51
Card Payment,Current,2022-11-14 11:41:29,2022-11-15 09:55:03,Wise,-7.00,0.00,EUR,COMPLETED,737.51
Card Payment,Current,2022-11-14 15:50:30,2022-11-15 14:49:12,Emirates,-194.07,0.00,EUR,COMPLETED,543.44
Card Payment,Current,2022-11-15 18:08:52,,PayPal,-9.84,0.00,EUR,REVERTED,
Card Payment,Current,2022-11-16 14:32:55,2022-11-17 11:49:51,hvv switch,-3.26,0.00,EUR,COMPLETED,540.18
Card Payment,Current,2022-11-17 14:37:51,2022-11-18 12:14:38,hvv switch,-3.26,0.00,EUR,COMPLETED,536.92
Card Payment,Current,2022-11-20 12:47:07,2022-11-21 10:09:39,hvv switch,-6.42,0.00,EUR,COMPLETED,530.50
Card Payment,Current,2022-11-19 16:20:53,2022-11-21 14:16:32,Aldi,-6.81,0.00,EUR,COMPLETED,523.69
Card Payment,Current,2022-11-18 10:33:22,2022-11-21 17:33:44,Amazon,-69.29,0.00,EUR,COMPLETED,454.40
Card Payment,Current,2022-11-23 15:05:41,2022-11-24 10:57:44,hvv switch,-6.42,0.00,EUR,COMPLETED,447.98
Card Payment,Current,2022-11-25 16:38:03,2022-11-26 05:34:31,Rewe,-6.77,0.00,EUR,COMPLETED,441.21
Card Payment,Current,2022-11-25 07:07:29,2022-11-26 10:53:12,hvv switch,-7.63,0.00,EUR,COMPLETED,433.58
Card Payment,Current,2022-11-27 13:11:32,2022-11-28 10:11:12,LycaMobile,-9.99,0.00,EUR,COMPLETED,423.59
Card Payment,Current,2022-11-27 17:50:27,2022-11-28 13:48:35,Lucky Muhar,-7.99,0.00,EUR,COMPLETED,415.60
Deposit,Current,2022-11-28 19:44:18,2022-11-28 19:44:18,Payment from UMLAUT ENGINEERING GMBH,2642.37,0.00,EUR,COMPLETED,3057.97
Card Payment,Current,2022-11-28 18:29:12,2022-11-29 15:11:58,Cleverbridge,-24.09,0.00,EUR,COMPLETED,3033.88
Card Payment,Current,2022-11-28 18:26:49,2022-11-29 15:11:59,Cleverbridge,-51.36,0.00,EUR,COMPLETED,2982.52
Card Payment,Current,2022-11-30 17:21:23,2022-12-01 13:05:35,Aldi,-4.97,0.00,EUR,COMPLETED,2977.55
Card Payment,Current,2022-12-02 21:58:50,2022-12-04 09:37:25,Zalando Payments,-17.98,0.00,EUR,COMPLETED,2959.57
Transfer,Current,2022-12-04 10:08:27,2022-12-04 10:08:27,Transfer to NAVEEN NOORBHASHA,-21.71,0.00,EUR,COMPLETED,2937.86
Card Payment,Current,2022-12-02 21:58:40,2022-12-04 10:59:02,Amazon,-14.71,0.00,EUR,COMPLETED,2923.15
Card Payment,Current,2022-12-03 14:52:07,2022-12-05 10:01:43,Amazon,-163.50,0.00,EUR,COMPLETED,2759.65
Card Payment,Current,2022-12-09 17:54:22,2022-12-10 13:35:57,Aldi,-4.33,0.00,EUR,COMPLETED,2755.32
ATM,Current,2022-12-11 19:07:24,2022-12-12 05:38:49,Cash withdrawal at Ic Cash 01011249,-100.00,0.00,EUR,COMPLETED,2655.32
Card Payment,Current,2022-12-12 16:28:35,2022-12-13 12:31:01,Aldi,-5.00,0.00,EUR,COMPLETED,2650.32
Card Payment,Current,2022-12-13 18:30:16,2022-12-14 05:37:25,famila Nord-Ost,-33.98,0.00,EUR,COMPLETED,2616.34
Card Payment,Current,2022-12-13 18:42:07,2022-12-14 05:37:25,famila Nord-Ost,-8.27,0.00,EUR,COMPLETED,2608.07
Card Payment,Current,2022-12-15 18:18:55,2022-12-16 13:00:01,Aldi,-9.65,0.00,EUR,COMPLETED,2598.42
Card Payment,Current,2022-12-15 17:55:56,2022-12-16 13:24:12,Erden Market Fleis,-2.77,0.00,EUR,COMPLETED,2595.65
Card Payment,Current,2022-12-15 17:54:31,2022-12-16 13:24:12,Erden Market Fleis,-10.03,0.00,EUR,COMPLETED,2585.62
Card Payment,Current,2022-12-16 10:55:42,2022-12-17 05:46:15,Emirates,-337.83,0.00,EUR,COMPLETED,2247.79
Transfer,Current,2022-12-19 09:54:51,2022-12-19 11:05:01,To UniCredit Bank AG,-19.99,0.00,EUR,COMPLETED,2227.80
Card Payment,Current,2022-12-20 13:50:45,2022-12-21 17:07:33,Aldi,-15.22,0.00,EUR,COMPLETED,2212.58
Deposit,Current,2022-12-22 11:29:09,2022-12-22 11:29:10,Payment from UMLAUT ENGINEERING GMBH,2585.99,0.00,EUR,COMPLETED,4798.57
Card Payment,Current,2022-12-22 19:46:26,2022-12-23 13:03:45,Aldi,-6.73,0.00,EUR,COMPLETED,4791.84
Card Payment,Current,2022-12-22 10:23:07,2022-12-25 10:59:48,Zalando Payments,-15.00,0.00,EUR,COMPLETED,4776.84
Card Payment,Current,2022-12-25 18:24:46,2022-12-26 10:18:22,LycaMobile,-9.99,0.00,EUR,COMPLETED,4766.85
Card Payment,Current,2022-12-27 13:17:29,2022-12-28 13:03:10,Aldi,-18.31,0.00,EUR,COMPLETED,4748.54
Card Payment,Current,2022-12-28 07:20:44,2022-12-29 10:43:47,Zalando Payments,-21.79,0.00,EUR,COMPLETED,4726.75
Transfer,Current,2022-12-29 11:50:57,2022-12-29 11:51:02,To Bernd Große,-2.00,0.00,EUR,COMPLETED,4724.75
Transfer,Current,2022-12-29 17:59:48,2022-12-29 17:59:52,To Bernd Große,-2820.00,0.00,EUR,COMPLETED,1904.75
ATM,Current,2022-12-30 18:38:50,2022-12-31 12:58:31,Cash withdrawal at Rsb 05250116,-100.00,0.00,EUR,COMPLETED,1804.75
Card Payment,Current,2022-12-30 16:12:20,2022-12-31 13:02:00,Int Asian Foods,-30.69,0.00,EUR,COMPLETED,1774.06
Card Payment,Current,2022-12-30 09:28:29,2022-12-31 13:02:07,Freie Und Hansestadt,-12.00,0.00,EUR,COMPLETED,1762.06
Card Payment,Current,2022-12-31 23:41:54,2023-01-03 10:59:46,Amazon,-77.89,0.00,EUR,COMPLETED,1684.17
Card Payment,Current,2023-01-02 17:37:44,2023-01-03 12:21:42,LycaMobile,-14.99,0.00,EUR,COMPLETED,1669.18
Card Payment,Current,2023-01-02 19:58:03,2023-01-03 12:35:40,Amazon,-36.99,0.00,EUR,COMPLETED,1632.19
Card Payment,Current,2023-01-02 12:58:48,2023-01-03 13:24:13,KiK,-14.25,0.00,EUR,COMPLETED,1617.94
Card Payment,Current,2023-01-02 12:38:24,2023-01-03 13:24:17,TEDi,-9.00,0.00,EUR,COMPLETED,1608.94
Card Payment,Current,2023-01-02 14:10:56,2023-01-03 13:24:17,TEDi,-19.00,0.00,EUR,COMPLETED,1589.94
Card Payment,Current,2023-01-02 13:52:06,2023-01-03 13:26:26,Aldi,-67.57,0.00,EUR,COMPLETED,1522.37
Card Payment,Current,2023-01-03 13:52:25,2023-01-04 13:02:15,EDEKA,-2.78,0.00,EUR,COMPLETED,1519.59
Card Payment,Current,2023-01-03 20:48:58,2023-01-05 10:36:01,Amazon,-33.99,0.00,EUR,COMPLETED,1485.60
Card Payment,Current,2023-01-03 17:11:28,2023-01-05 10:37:22,Amazon,-29.99,0.00,EUR,COMPLETED,1455.61
Card Payment,Current,2023-01-05 17:25:53,2023-01-06 05:41:44,Rewe,-6.23,0.00,EUR,COMPLETED,1449.38
Card Payment,Current,2023-01-05 09:27:09,2023-01-06 10:33:34,LycaMobile,-9.99,0.00,EUR,COMPLETED,1439.39
Card Payment,Current,2023-01-05 09:25:38,2023-01-06 11:27:48,LycaMobile,-9.99,0.00,EUR,COMPLETED,1429.40
Card Payment,Current,2023-01-05 16:05:23,2023-01-06 13:17:55,TEDi,-16.55,0.00,EUR,COMPLETED,1412.85
Card Payment,Current,2023-01-06 12:06:07,2023-01-07 05:33:05,Aldi,-5.98,0.00,EUR,COMPLETED,1406.87
ATM,Current,2023-01-05 17:35:37,2023-01-07 12:43:40,Cash withdrawal at 22207402,-100.00,0.00,EUR,COMPLETED,1306.87
Card Payment,Current,2023-01-06 19:25:42,2023-01-07 14:08:35,LycaMobile,-29.99,0.00,EUR,COMPLETED,1276.88
Card Payment,Current,2023-01-08 18:37:00,2023-01-10 10:25:26,Amazon,-34.98,0.00,EUR,COMPLETED,1241.90
Transfer,Current,2023-01-11 09:00:00,2023-01-11 09:21:18,To Feather by Stripe via PPRO,-5.09,0.00,EUR,COMPLETED,1236.81
Card Payment,Current,2023-01-07 22:38:15,2023-01-11 10:08:33,Amazon,-103.56,0.00,EUR,COMPLETED,1133.25
Card Payment,Current,2023-01-10 12:46:08,2023-01-11 13:15:37,Woolworth,-10.25,0.00,EUR,COMPLETED,1123.00
Card Payment,Current,2023-01-14 11:42:45,2023-01-15 03:25:23,OBI,-39.99,0.00,EUR,COMPLETED,1083.01
Card Payment,Current,2023-01-14 18:33:53,2023-01-16 12:32:58,Aldi,-7.25,0.00,EUR,COMPLETED,1075.76
Card Payment,Current,2023-01-16 12:31:05,2023-01-17 12:27:21,TEDi,-7.00,0.00,EUR,COMPLETED,1068.76
Deposit,Current,2023-01-18 09:29:47,2023-01-18 09:29:48,Payment from EURANET PLUS GEIE,2321.00,0.00,EUR,COMPLETED,3389.76
Transfer,Current,2023-01-18 15:47:37,2023-01-18 15:47:40,To Deepak Batham,-2.00,0.00,EUR,COMPLETED,3387.76
Transfer,Current,2023-01-18 15:53:30,2023-01-18 15:53:33,To Deepak Batham,-100.00,0.00,EUR,COMPLETED,3287.76
Card Payment,Current,2023-01-18 12:23:11,2023-01-19 05:54:37,Aldi,-5.46,0.00,EUR,COMPLETED,3282.30
Card Payment,Current,2023-01-18 18:22:46,2023-01-19 06:04:13,EuroShop,-5.00,0.00,EUR,COMPLETED,3277.30
Card Payment,Current,2023-01-18 16:37:53,2023-01-19 11:20:47,Amazon,-159.99,0.00,EUR,COMPLETED,3117.31
Card Payment,Current,2023-01-18 18:00:21,2023-01-19 13:52:12,NEW YORKER,-20.97,0.00,EUR,COMPLETED,3096.34
Card Payment,Current,2023-01-18 10:59:36,2023-01-20 10:04:40,Amazon,-244.06,0.00,EUR,COMPLETED,2852.28
Card Payment,Current,2023-01-21 23:31:31,2023-01-22 12:02:08,LycaMobile,-9.99,0.00,EUR,COMPLETED,2842.29
ATM,Current,2023-01-23 18:27:47,2023-01-24 05:34:40,Cash withdrawal at Hamburger Volksbank Eg,-100.00,2.00,EUR,COMPLETED,2740.29
Deposit,Current,2023-01-25 11:32:16,2023-01-25 11:32:17,Payment from UMLAUT ENGINEERING GMBH,2623.95,0.00,EUR,COMPLETED,5364.24
Transfer,Current,2023-01-25 15:14:47,2023-01-25 15:39:04,To UniCredit Bank AG,-79.97,0.00,EUR,COMPLETED,5284.27
Transfer,Current,2023-01-26 15:27:56,2023-01-26 15:28:00,To Deepak Batham,-200.00,0.00,EUR,COMPLETED,5084.27
Card Payment,Current,2023-01-26 17:11:00,2023-01-27 05:44:49,Rewe,-3.93,0.00,EUR,COMPLETED,5080.34
Card Payment,Current,2023-01-26 10:51:36,2023-01-27 10:44:13,Movemates,-109.99,0.00,EUR,COMPLETED,4970.35
Card Payment,Current,2023-01-27 12:50:24,,Movemates,-109.99,0.00,EUR,REVERTED,
Card Refund,Current,2023-01-28 01:00:00,2023-01-28 10:22:24,Movemates,100.00,0.00,EUR,COMPLETED,5070.35
ATM,Current,2023-01-29 12:30:17,2023-01-31 11:09:05,Cash withdrawal at Postbank Veringstr. 42,-200.00,4.00,EUR,COMPLETED,4866.35
Fee,Current,2023-02-01 09:50:11,2023-02-01 09:50:11,Premium plan fee,-7.99,0.00,EUR,COMPLETED,4858.36
Transfer,Current,2023-02-01 09:32:19,2023-02-01 11:12:53,To Bernd Große,-900.00,0.00,EUR,COMPLETED,3958.36
Transfer,Current,2023-02-01 16:57:12,2023-02-01 20:08:54,To UniCredit Bank AG,-19.99,0.00,EUR,COMPLETED,3938.37
Card Payment,Current,2023-02-01 11:42:49,2023-02-02 10:03:25,Wise,-455.00,0.00,EUR,COMPLETED,3483.37
Transfer,Current,2023-02-03 09:00:00,2023-02-03 09:41:15,To Feather by Stripe via PPRO,-6.58,0.00,EUR,COMPLETED,3476.79
Card Refund,Current,2023-02-04 01:00:00,2023-02-04 05:47:51,Emirates,337.83,0.00,EUR,COMPLETED,3814.62
Card Refund,Current,2023-02-04 01:00:00,2023-02-04 11:27:28,Emirates,194.07,0.00,EUR,COMPLETED,4008.69
Card Payment,Current,2023-02-06 17:22:07,2023-02-07 05:43:50,Rewe,-8.39,0.00,EUR,COMPLETED,4000.30
Card Payment,Current,2023-02-04 10:49:18,2023-02-07 10:28:57,Amazon,-45.80,0.00,EUR,COMPLETED,3954.50
Card Payment,Current,2023-02-06 11:13:04,2023-02-07 11:21:15,Amazon,-31.18,0.00,EUR,COMPLETED,3923.32
Card Payment,Current,2023-02-06 13:52:34,2023-02-08 10:47:35,Amazon,-39.76,0.00,EUR,COMPLETED,3883.56
Card Payment,Current,2023-02-07 19:31:11,2023-02-09 10:29:56,Amazon,-30.98,0.00,EUR,COMPLETED,3852.58
Card Refund,Current,2023-02-09 01:00:00,2023-02-09 11:40:42,LycaMobile,9.99,0.00,EUR,COMPLETED,3862.57
Card Payment,Current,2023-02-11 18:02:45,2023-02-12 17:44:02,Lidl,-7.77,0.00,EUR,COMPLETED,3854.80
Card Payment,Current,2023-02-11 18:11:16,2023-02-13 13:19:52,Subway,-6.99,0.00,EUR,COMPLETED,3847.81
Card Payment,Current,2023-02-18 23:32:02,2023-02-19 11:45:57,LycaMobile,-9.99,0.00,EUR,COMPLETED,3837.82
Card Payment,Current,2023-02-19 17:36:24,2023-02-22 10:35:38,PayPal,-30.00,0.00,EUR,COMPLETED,3807.82
ATM,Current,2023-02-22 19:15:10,2023-02-23 05:54:18,Cash withdrawal at Ic Cash 01011237,-150.00,0.00,EUR,COMPLETED,3657.82
Card Refund,Current,2023-02-24 01:00:00,2023-02-24 10:29:09,Amazon,17.99,0.00,EUR,COMPLETED,3675.81
Card Payment,Current,2023-02-25 15:26:14,2023-02-28 10:22:22,PayPal,-15.00,0.00,EUR,COMPLETED,3660.81
Deposit,Current,2023-02-28 13:58:28,2023-02-28 13:58:29,Payment from IMMOBILIEN SCOUT GMB,85.13,0.00,EUR,COMPLETED,3745.94
Deposit,Current,2023-02-28 16:26:08,2023-02-28 16:26:08,Payment from DEEPAK BATHAM,10.00,0.00,EUR,COMPLETED,3755.94
Deposit,Current,2023-03-01 08:57:39,2023-03-01 08:57:39,Payment from DEEPAK BATHAM,1000.00,0.00,EUR,COMPLETED,4755.94
Transfer,Current,2023-03-01 09:35:18,2023-03-01 10:20:34,To Bernd Große,-900.00,0.00,EUR,COMPLETED,3855.94
Card Payment,Current,2023-02-28 14:30:23,2023-03-01 14:04:36,Wise,-400.00,0.00,EUR,COMPLETED,3455.94
Fee,Current,2023-03-02 00:56:55,2023-03-02 00:56:55,Premium plan fee,-7.99,0.00,EUR,COMPLETED,3447.95
Card Payment,Current,2023-03-01 12:11:37,2023-03-02 09:54:37,Amazon,-11.04,0.00,EUR,COMPLETED,3436.91
Card Payment,Current,2023-03-02 16:48:16,2023-03-04 10:12:46,Apple,-2.99,0.00,EUR,COMPLETED,3433.92
Transfer,Current,2023-03-06 01:00:00,2023-03-06 12:56:47,To Feather by Stripe via PPRO,-6.58,0.00,EUR,COMPLETED,3427.34
Transfer,Current,2023-03-06 01:00:00,2023-03-06 13:36:16,To Telefonica Germany GmbH + Co. OHG,-41.97,0.00,EUR,COMPLETED,3385.37
Card Payment,Current,2023-03-07 18:05:26,2023-03-08 11:06:50,Aldi,-8.11,0.00,EUR,COMPLETED,3377.26
Card Payment,Current,2023-03-11 15:35:38,2023-03-12 10:49:40,Wise,-20.08,0.00,EUR,COMPLETED,3357.18
Card Payment,Current,2023-03-17 17:07:41,,Trainline,-88.65,0.00,EUR,REVERTED,
Card Payment,Current,2023-03-15 17:09:07,2023-03-17 21:44:25,airvistara.com,-478.36,0.00,EUR,COMPLETED,2878.82
Card Payment,Current,2023-03-17 16:28:38,2023-03-20 17:00:37,Amazon,-11.89,0.00,EUR,COMPLETED,2866.93
Card Payment,Current,2023-03-18 23:32:16,2023-03-20 22:23:11,LycaMobile,-9.99,0.00,EUR,COMPLETED,2856.94
Card Payment,Current,2023-03-17 17:42:31,2023-03-21 01:11:40,Deutsche Bahn,-84.40,0.00,EUR,COMPLETED,2772.54
Card Payment,Current,2023-03-20 11:49:36,2023-03-22 10:48:04,Amazon,-36.65,0.00,EUR,COMPLETED,2735.89
Card Payment,Current,2023-03-23 11:30:19,2023-03-24 14:59:18,Trip.com,-1685.92,0.00,EUR,COMPLETED,1049.97
ATM,Current,2023-03-26 11:01:37,2023-03-27 12:59:19,Cash withdrawal at Hamburger Volksbank Eg,-100.00,0.00,EUR,COMPLETED,949.97
Deposit,Current,2023-03-28 11:30:28,2023-03-28 11:30:28,Payment from DEEPAK BATHAM,1600.00,0.00,EUR,COMPLETED,2549.97
Card Payment,Current,2023-03-29 19:37:44,2023-03-30 10:53:48,Amazon,-25.64,0.00,EUR,COMPLETED,2524.33
Fee,Current,2023-04-02 01:00:09,2023-04-02 01:00:09,Plus plan fee,-2.99,0.00,EUR,COMPLETED,2521.34
Transfer,Current,2023-04-01 10:36:35,2023-04-03 08:16:59,To Bernd Große,-900.00,0.00,EUR,COMPLETED,1621.34
Card Payment,Current,2023-04-02 08:49:16,2023-04-03 10:25:48,Apple,-2.99,0.00,EUR,COMPLETED,1618.35
Transfer,Current,2023-04-03 21:55:21,2023-04-03 21:55:22,To Deepak Batham,-1200.00,0.00,EUR,COMPLETED,418.35
Transfer,Current,2023-04-03 02:00:00,2023-04-04 16:30:04,To Telefonica Germany GmbH + Co. OHG,-31.98,0.00,EUR,COMPLETED,386.37
Transfer,Current,2023-04-05 02:00:00,2023-04-05 12:54:42,To Feather by Stripe via PPRO,-6.58,0.00,EUR,COMPLETED,379.79
Transfer,Current,2023-04-10 08:04:37,2023-04-10 08:04:39,To Deepak Batham Wise,-10.00,0.00,EUR,COMPLETED,369.79
Card Payment,Current,2023-04-15 23:32:28,2023-04-16 15:59:51,LycaMobile,-9.99,0.00,EUR,COMPLETED,359.80
Transfer,Current,2023-04-28 13:23:52,2023-04-28 13:27:31,To Deepak Batham Wise,-50.00,0.00,EUR,COMPLETED,309.80
Card Refund,Current,2023-04-29 02:00:00,2023-04-29 14:13:30,Trip.com,1355.33,0.00,EUR,COMPLETED,1665.13
Fee,Current,2023-05-02 01:59:17,2023-05-02 01:59:17,Plus plan fee,-2.99,0.00,EUR,COMPLETED,1662.14
Transfer,Current,2023-05-01 10:38:44,2023-05-02 09:54:37,To Bernd Große,-900.00,0.00,EUR,COMPLETED,762.14
Deposit,Current,2023-05-02 10:51:32,2023-05-02 10:51:32,Payment from DEEPAK BATHAM,900.00,0.00,EUR,COMPLETED,1662.14
Transfer,Current,2023-05-02 11:35:22,2023-05-02 11:35:24,To Deepak Batham Wise,-800.00,0.00,EUR,COMPLETED,862.14
Card Payment,Current,2023-04-30 13:22:57,2023-05-02 15:20:43,Emirates,-596.98,5.97,EUR,COMPLETED,259.19
Card Payment,Current,2023-05-02 08:48:23,2023-05-03 12:02:00,Apple,-2.99,0.00,EUR,COMPLETED,256.20
Transfer,Current,2023-05-03 02:00:00,2023-05-03 12:53:35,To Telefonica Germany GmbH + Co. OHG,-31.98,0.00,EUR,COMPLETED,224.22
Transfer,Current,2023-05-04 02:00:00,2023-05-04 12:49:52,To Feather by Stripe via PPRO,-6.58,0.00,EUR,COMPLETED,217.64
Card Payment,Current,2023-05-13 23:32:49,2023-05-14 13:30:27,LycaMobile,-9.99,0.00,EUR,COMPLETED,207.65
Card Payment,Current,2023-05-22 15:30:45,2023-05-23 04:04:47,Zaman Shida,-53.60,0.00,EUR,COMPLETED,154.05
Card Payment,Current,2023-05-22 17:47:41,2023-05-23 14:53:10,EDEKA,-13.59,0.00,EUR,COMPLETED,140.46
Card Payment,Current,2023-05-21 14:13:35,2023-05-23 16:52:19,Emirates,-60.80,0.61,EUR,COMPLETED,79.05
Card Payment,Current,2023-05-23 08:45:05,2023-05-24 10:31:11,Amazon,-41.03,0.00,EUR,COMPLETED,38.02
Card Payment,Current,2023-05-23 08:37:15,2023-05-24 10:33:02,Amazon,-0.99,0.00,EUR,COMPLETED,37.03
Fee,Current,2023-06-02 01:09:39,2023-06-02 01:09:39,Plus plan fee,-2.99,0.00,EUR,COMPLETED,34.04
Card Payment,Current,2023-06-02 08:48:54,2023-06-03 11:37:00,Apple,-2.99,0.00,EUR,COMPLETED,31.05
Transfer,Current,2023-06-05 02:00:00,2023-06-05 12:56:24,To Feather by Stripe via PPRO,-6.58,0.00,EUR,COMPLETED,24.47
Exchange,Current,2023-06-05 15:41:50,2023-06-05 15:41:50,Exchanged to EUR,22.43,0.00,EUR,COMPLETED,46.90
Card Payment,Current,2023-06-11 14:54:11,2023-06-12 13:05:53,LycaMobile,-4.99,0.00,EUR,COMPLETED,41.91
Deposit,Current,2023-06-26 15:42:15,2023-06-26 15:42:15,Payment from DEEPAK BATHAM,100.00,0.00,EUR,COMPLETED,141.91
Transfer,Current,2023-06-30 02:00:00,2023-06-30 12:46:59,To Telefonica Germany GmbH + Co. OHG,-37.18,0.00,EUR,COMPLETED,104.73
Fee,Current,2023-07-02 01:35:26,2023-07-02 01:35:26,Plus plan fee,-2.99,0.00,EUR,COMPLETED,101.74
Card Payment,Current,2023-07-02 08:51:38,2023-07-03 13:08:45,Apple,-2.99,0.00,EUR,COMPLETED,98.75
Transfer,Current,2023-07-05 02:00:00,2023-07-05 12:50:45,To Feather by Stripe via PPRO,-6.58,0.00,EUR,COMPLETED,92.17
Card Payment,Current,2023-07-08 23:33:08,2023-07-09 15:30:32,LycaMobile,-4.99,0.00,EUR,COMPLETED,87.18
Transfer,Current,2023-07-16 22:42:25,2023-07-16 22:42:25,Transfer from NAVEEN NOORBHASHA,50.00,0.00,EUR,COMPLETED,137.18
Card Payment,Current,2023-07-16 20:15:39,2023-07-17 12:01:57,Bolt,-1.53,0.00,EUR,COMPLETED,135.65
Refund,Current,2023-07-18 22:28:46,2023-07-18 22:28:47,Plan termination refund,2.99,0.00,EUR,COMPLETED,138.64
Fee,Current,2023-07-18 22:28:47,2023-07-18 22:28:47,Premium plan fee,-7.99,0.00,EUR,COMPLETED,130.65
Transfer,Current,2023-07-18 22:32:45,2023-07-18 22:34:50,International transfer to Deepak Batham,-27.22,0.00,EUR,COMPLETED,103.43
Deposit,Current,2023-07-18 22:35:05,2023-07-18 22:35:05,Payment from DEEPAK BATHAM,2200.00,0.00,EUR,COMPLETED,2303.43
Transfer,Current,2023-07-19 11:06:00,2023-07-19 11:08:07,International transfer to Deepak Batham,-2230.35,5.00,EUR,COMPLETED,68.08
Card Payment,Current,2023-07-19 17:30:58,2023-07-21 12:29:08,Amazon,-39.08,0.00,EUR,COMPLETED,29.00
Deposit,Current,2023-07-26 07:52:17,2023-07-26 07:52:17,Payment from DEEPAK BATHAM,100.00,0.00,EUR,COMPLETED,129.00
Deposit,Current,2023-07-28 13:37:38,2023-07-28 13:37:38,Payment from EURANET PLUS GEIE,2000.00,0.00,EUR,COMPLETED,2129.00
Transfer,Current,2023-07-28 22:42:39,2023-07-31 07:45:52,To Deepak Batham Wise,-2000.00,0.00,EUR,COMPLETED,129.00
Deposit,Current,2023-07-31 11:20:33,2023-07-31 11:20:33,Payment from DEEPAK BATHAM,450.00,0.00,EUR,COMPLETED,579.00
Transfer,Current,2023-07-31 11:22:48,2023-07-31 11:24:53,International transfer to Deepak Batham,-442.35,1.33,EUR,COMPLETED,135.32
Transfer,Current,2023-08-01 02:00:00,2023-08-01 12:48:38,To Telefonica Germany GmbH + Co. OHG,-31.98,0.00,EUR,COMPLETED,103.34
Card Payment,Current,2023-08-02 08:52:00,2023-08-03 11:48:43,Apple,-2.99,0.00,EUR,COMPLETED,100.35
Transfer,Current,2023-08-03 02:00:00,2023-08-03 12:46:28,To Feather by Stripe via PPRO,-6.58,0.00,EUR,COMPLETED,93.77
Deposit,Current,2023-08-03 14:57:32,2023-08-03 14:57:32,Payment from DEEPAK BATHAM,300.00,0.00,EUR,COMPLETED,393.77
Transfer,Current,2023-08-03 15:02:21,2023-08-03 15:04:27,International transfer to Pooja Batham,-133.05,0.40,EUR,COMPLETED,260.32
Card Payment,Current,2023-08-05 23:33:55,2023-08-06 14:51:03,LycaMobile,-4.99,0.00,EUR,COMPLETED,255.33
Transfer,Current,2023-08-09 02:00:00,2023-08-09 12:46:54,To Concardis GmbH,-5.00,0.00,EUR,COMPLETED,250.33
Deposit,Current,2023-08-09 17:10:42,2023-08-09 17:10:42,Payment from DEEPAK BATHAM,200.00,0.00,EUR,COMPLETED,450.33
Transfer,Current,2023-08-09 17:12:29,2023-08-09 17:14:36,International transfer to Deepak Batham,-110.22,0.33,EUR,COMPLETED,339.78
Transfer,Current,2023-08-14 11:38:42,2023-08-14 11:40:47,International transfer to Deepak Batham,-132.40,0.40,EUR,COMPLETED,206.98
Fee,Current,2023-08-19 01:40:16,2023-08-19 01:40:16,Premium plan fee,-7.99,0.00,EUR,COMPLETED,198.99
Deposit,Current,2023-08-23 14:34:03,2023-08-23 14:34:03,Payment from DEEPAK BATHAM,300.00,0.00,EUR,COMPLETED,498.99
Transfer,Current,2023-08-23 14:35:20,2023-08-23 14:37:26,International transfer to Deepak Batham,-280.58,0.00,EUR,COMPLETED,218.41
Card Payment,Current,2023-08-28 19:06:18,2023-08-29 14:46:04,Google Cloud,-6.63,0.00,EUR,COMPLETED,211.78
Deposit,Current,2023-08-30 10:43:31,2023-08-30 10:43:32,Payment from DEEPAK BATHAM,500.00,0.00,EUR,COMPLETED,711.78
Transfer,Current,2023-08-30 12:11:32,2023-08-30 12:13:38,International transfer to Pooja Batham,-111.39,0.33,EUR,COMPLETED,600.06
Card Payment,Current,2023-08-28 22:14:14,2023-08-31 11:52:18,Temu,-16.05,0.00,EUR,COMPLETED,584.01
Transfer,Current,2023-08-31 02:00:00,2023-08-31 12:48:59,To Telefonica Germany GmbH + Co. OHG,-31.98,0.00,EUR,COMPLETED,552.03
Transfer,Current,2023-08-31 17:45:19,2023-08-31 17:45:19,Transfer from NAVEEN NOORBHASHA,20.00,0.00,EUR,COMPLETED,572.03
Transfer,Current,2023-09-01 11:41:05,2023-09-01 11:43:10,International transfer to Deepak Batham,-424.23,1.27,EUR,COMPLETED,146.53
Card Payment,Current,2023-09-02 08:50:06,2023-09-03 11:19:56,Apple,-2.99,0.00,EUR,COMPLETED,143.54
Card Payment,Current,2023-09-02 23:33:32,2023-09-03 14:12:10,LycaMobile,-4.99,0.00,EUR,COMPLETED,138.55
Card Payment,Current,2023-09-01 09:39:04,2023-09-04 11:11:32,oe.yalcin,-5.00,0.00,EUR,COMPLETED,133.55
Card Payment,Current,2023-09-03 19:18:58,2023-09-05 10:21:02,Khalsa.singh24,-8.50,0.00,EUR,COMPLETED,125.05
Transfer,Current,2023-09-05 02:00:00,2023-09-05 13:05:23,To Feather by Stripe via PPRO,-6.58,0.00,EUR,COMPLETED,118.47
Deposit,Current,2023-09-06 08:01:38,2023-09-06 08:01:38,Payment from DEEPAK BATHAM,550.00,0.00,EUR,COMPLETED,668.47
Deposit,Current,2023-09-09 19:00:54,2023-09-09 19:00:55,Payment from DEEPAK BATHAM,700.00,0.00,EUR,COMPLETED,1368.47
Transfer,Current,2023-09-11 09:17:23,2023-09-11 10:34:48,International transfer to Prabha Padamsingh Kanyal,-1124.21,3.37,EUR,COMPLETED,240.89
Deposit,Current,2023-09-15 08:03:40,2023-09-15 08:03:40,Payment from DEEPAK BATHAM,1000.00,0.00,EUR,COMPLETED,1240.89
Transfer,Current,2023-09-15 08:11:27,2023-09-15 08:13:35,International transfer to Deepak Batham,-1132.40,3.40,EUR,COMPLETED,105.09
Fee,Current,2023-09-19 01:10:17,2023-09-19 01:10:17,Premium plan fee,-7.99,0.00,EUR,COMPLETED,97.10
Card Payment,Current,2023-09-18 21:04:58,2023-09-21 11:06:43,Khalsa.singh24,-15.40,0.00,EUR,COMPLETED,81.70
Deposit,Current,2023-09-25 11:46:17,2023-09-25 11:46:18,Payment from DEEPAK BATHAM,200.00,0.00,EUR,COMPLETED,281.70
Transfer,Current,2023-09-25 11:47:09,2023-09-25 12:17:39,International transfer to Prabha Padamsingh Kanyal,-150.74,0.00,EUR,COMPLETED,130.96
Deposit,Current,2023-09-26 07:52:32,2023-09-26 07:52:32,Payment from DEEPAK BATHAM,600.00,0.00,EUR,COMPLETED,730.96
Deposit,Current,2023-09-26 13:42:57,2023-09-26 13:42:57,Payment from DEEPAK BATHAM,500.00,0.00,EUR,COMPLETED,1230.96
Card Payment,Current,2023-09-26 09:07:07,2023-09-27 18:18:03,Etraveli,-590.83,0.00,EUR,COMPLETED,640.13
Deposit,Current,2023-09-28 10:51:01,2023-09-28 10:51:01,Payment from DEEPAK BATHAM,200.00,0.00,EUR,COMPLETED,840.13
Transfer,Current,2023-09-28 15:42:10,2023-09-28 15:49:51,International transfer to Deepak Batham,-571.78,1.72,EUR,COMPLETED,266.63
Card Payment,Current,2023-09-28 18:24:13,2023-09-29 07:13:51,Aldi,-8.00,0.00,EUR,COMPLETED,258.63
Card Payment,Current,2023-09-30 22:53:03,2023-10-02 17:17:49,Google Cloud,-2.21,0.02,EUR,COMPLETED,256.40
Card Payment,Current,2023-10-03 00:01:22,,Voi,-5.00,0.00,EUR,REVERTED,
Card Payment,Current,2023-10-02 16:53:08,2023-10-03 10:57:37,Apple,-2.99,0.00,EUR,COMPLETED,253.41
Card Payment,Current,2023-10-03 00:05:22,2023-10-03 16:26:03,Voi,-1.87,0.00,EUR,COMPLETED,251.54
Card Refund,Current,2023-10-03 02:00:00,2023-10-03 17:42:48,oe.yalcin,5.00,0.00,EUR,COMPLETED,256.54
Card Payment,Current,2023-10-04 04:41:53,2023-10-04 10:03:34,LycaMobile,-4.99,0.00,EUR,COMPLETED,251.55
Transfer,Current,2023-10-04 02:00:00,2023-10-04 12:49:26,To Telefonica Germany GmbH + Co. OHG,-31.98,0.00,EUR,COMPLETED,219.57
Transfer,Current,2023-10-04 02:00:00,2023-10-04 12:50:06,To Feather by Stripe via PPRO,-6.58,0.00,EUR,COMPLETED,212.99
Card Payment,Current,2023-10-05 18:10:32,2023-10-06 14:46:04,Aldi,-12.06,0.00,EUR,COMPLETED,200.93
Card Payment,Current,2023-10-09 15:48:06,2023-10-10 15:56:11,SoulKebab,-20.00,0.00,EUR,COMPLETED,180.93
Card Payment,Current,2023-10-09 23:10:24,2023-10-10 18:20:04,Voi,-2.09,0.00,EUR,COMPLETED,178.84
Card Payment,Current,2023-10-09 14:48:16,2023-10-10 19:57:44,TEDi,-7.00,0.00,EUR,COMPLETED,171.84
Card Payment,Current,2023-10-10 18:15:08,2023-10-11 07:05:35,Aldi,-5.40,0.00,EUR,COMPLETED,166.44
Card Payment,Current,2023-10-10 18:26:57,2023-10-11 15:32:44,Soenmez Markt,-8.03,0.00,EUR,COMPLETED,158.41
Fee,Current,2023-10-19 00:06:24,2023-10-19 00:06:24,Premium plan fee,-7.99,0.00,EUR,COMPLETED,150.42
Card Payment,Current,2023-10-18 17:42:09,2023-10-19 07:13:16,Aldi,-12.48,0.00,EUR,COMPLETED,137.94
Card Payment,Current,2023-10-18 22:21:02,2023-10-21 13:18:08,Temu,-14.30,0.00,EUR,COMPLETED,123.64
Card Payment,Current,2023-10-23 19:25:41,2023-10-24 06:47:31,Indian Bazaar,-11.80,0.00,EUR,COMPLETED,111.84
Card Payment,Current,2023-10-23 18:57:10,2023-10-24 06:57:37,Rewe,-6.80,0.00,EUR,COMPLETED,105.04
Card Payment,Current,2023-10-23 19:37:29,2023-10-24 14:07:11,Voi,-2.31,0.00,EUR,COMPLETED,102.73
Deposit,Current,2023-10-26 07:57:49,2023-10-26 07:57:50,Payment from DEEPAK BATHAM,700.00,0.00,EUR,COMPLETED,802.73
Transfer,Current,2023-10-26 17:52:36,2023-10-26 17:54:42,International transfer to Deepak Batham,-571.43,0.00,EUR,COMPLETED,231.30
Transfer,Current,2023-10-27 08:55:56,2023-10-27 08:58:01,International transfer to Pooja Batham,-114.06,0.34,EUR,COMPLETED,116.90
Card Payment,Current,2023-10-27 14:21:02,,Voi,-5.00,0.00,EUR,REVERTED,
Card Payment,Current,2023-10-27 14:22:39,,Voi,-5.00,0.00,EUR,REVERTED,
Card Payment,Current,2023-10-27 14:12:01,2023-10-28 10:51:14,Voi,-3.49,0.00,EUR,COMPLETED,113.41
Card Payment,Current,2023-10-27 14:31:25,2023-10-28 10:51:30,Voi,-1.98,0.00,EUR,COMPLETED,111.43
Deposit,Current,2023-10-28 12:10:30,2023-10-28 12:10:30,Payment from DEEPAK BATHAM,300.00,0.00,EUR,COMPLETED,411.43
Card Payment,Current,2023-10-28 15:47:10,2023-10-29 04:50:25,Lidl,-16.23,0.00,EUR,COMPLETED,395.20
Card Payment,Current,2023-11-01 00:22:33,2023-11-01 13:24:02,LycaMobile,-4.99,0.00,EUR,COMPLETED,390.21
Card Payment,Current,2023-10-30 21:23:54,2023-11-01 17:54:42,Google Cloud,-2.20,0.00,EUR,COMPLETED,388.01
Transfer,Current,2023-11-02 01:00:00,2023-11-02 12:45:51,To Telefonica Germany GmbH + Co. OHG,-31.98,0.00,EUR,COMPLETED,356.03
Transfer,Current,2023-11-03 01:00:00,2023-11-03 12:48:40,To Feather by Stripe via PPRO,-6.58,0.00,EUR,COMPLETED,349.45
Card Payment,Current,2023-11-02 07:53:42,2023-11-03 16:24:18,Apple,-2.99,0.00,EUR,COMPLETED,346.46
Card Payment,Current,2023-11-04 14:15:06,2023-11-05 18:22:43,Dostana Store,-9.05,0.00,EUR,COMPLETED,337.41
Card Payment,Current,2023-11-04 14:30:38,2023-11-05 19:25:15,Sb Steindamm,-9.11,0.00,EUR,COMPLETED,328.30
Card Payment,Current,2023-11-08 18:00:21,2023-11-09 14:43:32,Aldi,-6.31,0.00,EUR,COMPLETED,321.99
Card Payment,Current,2023-11-08 17:50:51,2023-11-09 14:44:12,Class Men,-25.00,0.00,EUR,COMPLETED,296.99
ATM,Current,2023-11-09 16:07:01,2023-11-10 06:01:37,Cash withdrawal at Reisebank Frankfurt At,-74.90,0.00,EUR,COMPLETED,222.09
Transfer,Current,2023-11-10 01:00:00,2023-11-10 13:22:30,To DB Vertrieb GmbH,-49.00,0.00,EUR,COMPLETED,173.09
Card Payment,Current,2023-11-09 16:22:05,2023-11-10 16:36:09,Budni,-9.62,0.00,EUR,COMPLETED,163.47
Card Payment,Current,2023-11-09 13:31:19,2023-11-10 16:36:39,Nevzat Dagdelen,-5.00,0.00,EUR,COMPLETED,158.47
Deposit,Current,2023-11-13 08:04:01,2023-11-13 08:04:01,Payment from DEEPAK BATHAM,900.00,0.00,EUR,COMPLETED,1058.47
Transfer,Current,2023-11-13 08:12:08,2023-11-13 08:14:14,International transfer to Pooja Batham,-225.17,0.68,EUR,COMPLETED,832.62
Transfer,Current,2023-11-13 10:31:40,2023-11-13 10:33:47,International transfer to Deepak Batham,-562.54,1.69,EUR,COMPLETED,268.39
Card Payment,Current,2023-11-15 14:22:45,2023-11-16 13:47:27,Aldi,-6.99,0.00,EUR,COMPLETED,261.40
Fee,Current,2023-11-18 14:01:46,2023-11-18 14:01:46,Premium plan fee,-7.99,0.00,EUR,COMPLETED,253.41
Transfer,Current,2023-11-20 01:00:00,2023-11-20 12:48:12,"To Amazon Eu S.a R.l., Niederlassung Deutschland",-0.99,0.00,EUR,COMPLETED,252.42
Card Payment,Current,2023-11-18 12:08:43,2023-11-20 17:02:31,Voi,-1.54,0.00,EUR,COMPLETED,250.88
Card Payment,Current,2023-11-21 14:47:28,2023-11-22 06:06:33,Aldi,-6.33,0.00,EUR,COMPLETED,244.55
Deposit,Current,2023-11-24 14:14:12,2023-11-24 14:14:13,Payment from DEEPAK BATHAM,1500.00,0.00,EUR,COMPLETED,1744.55
Transfer,Current,2023-11-24 14:57:08,2023-11-24 14:59:13,International transfer to Deepak Batham,-770.93,0.00,EUR,COMPLETED,973.62
Card Payment,Current,2023-11-25 14:32:31,2023-11-27 15:40:37,Aldi,-10.98,0.00,EUR,COMPLETED,962.64
Card Payment,Current,2023-11-27 16:31:17,2023-11-28 17:14:45,Voi,-3.49,0.00,EUR,COMPLETED,959.15
Card Payment,Current,2023-11-28 23:57:53,2023-11-29 10:43:04,LycaMobile,-4.99,0.00,EUR,COMPLETED,954.16
Card Payment,Current,2023-11-28 15:32:13,2023-11-29 11:20:43,Zalando Payments,-22.19,0.00,EUR,COMPLETED,931.97
Card Payment,Current,2023-11-28 15:30:38,2023-11-29 11:43:12,Zalando Payments,-21.95,0.00,EUR,COMPLETED,910.02
Card Payment,Current,2023-12-01 11:25:37,,LinkedIn,-1.00,0.00,EUR,REVERTED,
Transfer,Current,2023-12-01 01:00:00,2023-12-01 12:45:38,To Telefonica Germany GmbH + Co. OHG,-31.98,0.00,EUR,COMPLETED,878.04
Card Payment,Current,2023-11-30 18:18:44,2023-12-01 13:54:05,Zalando Payments,-44.99,0.00,EUR,COMPLETED,833.05
Card Payment,Current,2023-11-30 17:20:32,2023-12-01 16:24:47,Aldi,-15.54,0.00,EUR,COMPLETED,817.51
Card Payment,Current,2023-12-01 12:39:14,2023-12-02 12:38:45,Cinemaxx,-28.58,0.00,EUR,COMPLETED,788.93
Card Payment,Current,2023-11-30 21:47:06,2023-12-02 18:10:41,Google Cloud,-2.15,0.00,EUR,COMPLETED,786.78
Card Payment,Current,2023-12-01 17:37:54,2023-12-02 21:08:21,Zalando Payments,-21.95,0.00,EUR,COMPLETED,764.83
Card Payment,Current,2023-12-02 13:49:47,2023-12-03 03:57:36,Outletcenter Ochtum Pa,-80.68,0.00,EUR,COMPLETED,684.15
Card Payment,Current,2023-12-02 20:15:03,2023-12-03 13:03:15,Doener Factory Bayanba,-14.80,0.00,EUR,COMPLETED,669.35
Card Payment,Current,2023-12-02 15:50:25,2023-12-03 16:36:50,Esprit,-19.99,0.00,EUR,COMPLETED,649.36
Transfer,Current,2023-12-04 01:00:00,2023-12-04 12:52:19,To DB Vertrieb GmbH,-49.00,0.00,EUR,COMPLETED,600.36
Card Payment,Current,2023-12-02 21:19:51,2023-12-04 14:30:45,Voi,-1.32,0.00,EUR,COMPLETED,599.04
Transfer,Current,2023-12-05 01:00:00,2023-12-05 12:45:07,To Feather by Stripe via PPRO,-6.58,0.00,EUR,COMPLETED,592.46
Transfer,Current,2023-12-06 10:30:30,2023-12-06 10:30:33,To Bernd Große,-60.00,0.00,EUR,COMPLETED,532.46
Card Payment,Current,2023-12-07 19:06:03,2023-12-08 16:28:48,Voi,-1.76,0.00,EUR,COMPLETED,530.70
Card Payment,Current,2023-12-08 02:59:03,2023-12-09 17:46:30,Voi,-1.10,0.00,EUR,COMPLETED,529.60
Card Payment,Current,2023-12-09 15:15:59,2023-12-10 19:08:14,YouTube,-1.68,0.02,EUR,COMPLETED,527.90
Fee,Current,2023-12-18 13:13:58,2023-12-18 13:13:58,Premium plan fee,-7.99,0.00,EUR,COMPLETED,519.91
Deposit,Current,2023-12-19 15:56:33,2023-12-19 15:56:33,Payment from DEEPAK BATHAM,1500.00,0.00,EUR,COMPLETED,2019.91
Transfer,Current,2023-12-20 16:37:58,2023-12-20 16:38:00,To Deepak Batham Wise,-100.00,0.00,EUR,COMPLETED,1919.91
Transfer,Current,2023-12-22 15:11:44,2023-12-22 15:11:46,To HCT Busvermietung,-10.00,0.00,EUR,COMPLETED,1909.91
Card Payment,Current,2023-12-21 15:46:40,2023-12-22 15:46:29,Aldi,-10.11,0.00,EUR,COMPLETED,1899.80
Card Payment,Current,2023-12-20 10:39:56,2023-12-22 19:58:24,Emirates,-1217.60,0.00,EUR,COMPLETED,682.20
Card Payment,Current,2023-12-21 23:14:13,2023-12-24 15:21:19,Temu,-10.50,0.00,EUR,COMPLETED,671.70
Card Payment,Current,2023-12-23 14:52:14,2023-12-24 15:42:49,Bestseller,-50.25,0.00,EUR,COMPLETED,621.45
Card Payment,Current,2023-12-23 14:24:43,2023-12-24 16:25:32,Only Stores Germany Gmbh,-27.99,0.00,EUR,COMPLETED,593.46
Deposit,Current,2023-12-25 09:11:52,2023-12-25 09:11:52,Payment from DEEPAK BATHAM,1400.00,0.00,EUR,COMPLETED,1993.46
Card Payment,Current,2023-12-23 17:49:35,2023-12-25 15:11:59,Voi,-1.32,0.00,EUR,COMPLETED,1992.14
Transfer,Current,2023-12-25 09:13:37,2023-12-26 17:36:27,International transfer to Deepak Batham,-1314.70,0.00,EUR,COMPLETED,677.44
Card Payment,Current,2023-12-26 23:48:06,2023-12-27 12:16:47,LycaMobile,-4.99,0.00,EUR,COMPLETED,672.45
Card Payment,Current,2023-12-27 16:58:12,2023-12-28 16:12:39,Voi,-3.49,0.00,EUR,COMPLETED,668.96
Card Payment,Current,2023-12-28 15:44:05,2023-12-29 13:44:58,Indian Bazaar,-9.90,0.00,EUR,COMPLETED,659.06
Card Payment,Current,2023-12-29 18:46:32,2023-12-30 16:06:39,Foreningen Src,-80.64,0.00,EUR,COMPLETED,578.42
Card Payment,Current,2023-12-31 00:23:31,2024-01-01 16:38:15,Google Cloud,-2.12,0.02,EUR,COMPLETED,576.28
Deposit,Current,2024-01-02 10:40:52,2024-01-02 10:40:52,Payment from DEEPAK BATHAM,500.00,0.00,EUR,COMPLETED,1076.28
Transfer,Current,2024-01-02 10:43:31,2024-01-02 10:45:37,International transfer to Pooja Batham,-546.14,1.64,EUR,COMPLETED,528.50
Card Payment,Current,2024-01-02 15:38:16,2024-01-03 05:40:09,PENNY,-6.47,0.00,EUR,COMPLETED,522.03
Transfer,Current,2024-01-03 01:00:00,2024-01-03 12:48:28,To DB Vertrieb GmbH,-49.00,0.00,EUR,COMPLETED,473.03
Transfer,Current,2024-01-04 01:00:00,2024-01-04 12:44:49,To Telefonica Germany GmbH + Co. OHG,-31.98,0.00,EUR,COMPLETED,441.05
Transfer,Current,2024-01-04 01:00:00,2024-01-04 12:45:03,To Feather by Stripe via PPRO,-6.58,0.00,EUR,COMPLETED,434.47
Card Payment,Current,2024-01-01 14:20:33,2024-01-04 16:07:31,Aweidtlet,-30.00,0.00,EUR,COMPLETED,404.47
Card Payment,Current,2024-01-06 13:06:11,2024-01-08 14:40:14,Aldi,-12.59,0.00,EUR,COMPLETED,391.88
Deposit,Current,2024-01-09 07:52:36,2024-01-09 07:52:36,Payment from DEEPAK BATHAM,1100.00,0.00,EUR,COMPLETED,1491.88
Transfer,Current,2024-01-12 09:16:03,2024-01-12 09:18:09,International transfer to Deepak Batham,-1102.65,3.31,EUR,COMPLETED,385.92
Card Payment,Current,2024-01-13 13:49:12,2024-01-16 04:27:52,Aldi,-10.63,0.00,EUR,COMPLETED,375.29
Card Payment,Current,2024-01-13 16:17:16,2024-01-16 14:25:08,Etihad Airways,-6.39,0.00,EUR,COMPLETED,368.90
Card Payment,Current,2024-01-13 01:00:00,2024-01-16 14:25:08,Etihad Airways,-20.06,0.00,EUR,COMPLETED,348.84
Fee,Current,2024-01-18 01:45:04,2024-01-18 01:45:04,Premium plan fee,-7.99,0.00,EUR,COMPLETED,340.85
Card Payment,Current,2024-01-20 14:30:28,2024-01-21 03:28:22,H&M,-1.48,0.00,EUR,COMPLETED,339.37
Card Payment,Current,2024-01-20 14:41:00,2024-01-21 03:32:37,Lindt,-30.45,0.00,EUR,COMPLETED,308.92
Card Payment,Current,2024-01-23 23:42:38,2024-01-24 09:44:56,LycaMobile,-4.99,0.00,EUR,COMPLETED,303.93
Card Payment,Current,2024-01-24 13:41:58,2024-01-25 13:34:39,Aldi,-22.83,0.00,EUR,COMPLETED,281.10
Transfer,Current,2024-01-27 16:09:10,2024-01-27 16:09:12,To Deepak Batham Wise,-50.00,0.00,EUR,COMPLETED,231.10
Card Payment,Current,2024-01-27 17:16:42,2024-01-28 10:50:51,Budni,-60.51,0.00,EUR,COMPLETED,170.59
Deposit,Current,2024-01-29 07:57:19,2024-01-29 07:57:20,Payment from DEEPAK BATHAM,1000.00,0.00,EUR,COMPLETED,1170.59
Deposit,Current,2024-01-30 14:40:35,2024-01-30 14:40:35,Payment from EURANET PLUS GEIE,2000.00,0.00,EUR,COMPLETED,3170.59
Card Payment,Current,2024-01-30 04:46:03,2024-01-31 12:01:31,Fms Systems,-66.00,0.00,EUR,COMPLETED,3104.59
Transfer,Current,2024-02-01 12:06:48,2024-02-01 12:08:54,International transfer to Deepak Batham,-1006.61,0.00,EUR,COMPLETED,2097.98
Transfer,Current,2024-02-01 01:00:00,2024-02-01 12:49:44,To Telefonica Germany GmbH + Co. OHG,-31.98,0.00,EUR,COMPLETED,2066.00
Card Refund,Current,2024-02-01 01:00:00,2024-02-01 15:04:12,Aweidtlet,30.00,0.00,EUR,COMPLETED,2096.00
Card Payment,Current,2024-01-30 21:55:25,2024-02-01 16:02:07,Google Cloud,-2.16,0.00,EUR,COMPLETED,2093.84
Deposit,Current,2024-02-02 07:55:28,2024-02-02 07:55:29,Payment from DEEPAK BATHAM,800.00,0.00,EUR,COMPLETED,2893.84
Transfer,Current,2024-02-02 08:18:10,2024-02-02 11:46:05,International transfer to Prabha Padamsingh Kanyal,-2272.85,5.00,EUR,COMPLETED,615.99
Card Payment,Current,2024-02-02 08:56:11,2024-02-03 11:18:12,Apple,-2.99,0.00,EUR,COMPLETED,613.00
Transfer,Current,2024-02-05 01:00:00,2024-02-05 12:43:52,To Feather by Stripe via PPRO,-6.58,0.00,EUR,COMPLETED,606.42
Deposit,Current,2024-02-12 07:57:04,2024-02-12 07:57:05,Payment from DEEPAK BATHAM,1000.00,0.00,EUR,COMPLETED,1606.42
Transfer,Current,2024-02-12 11:38:26,2024-02-12 14:32:03,International transfer to Deepak Batham,-1401.84,4.21,EUR,COMPLETED,200.37
Fee,Current,2024-02-18 01:21:26,2024-02-18 01:21:26,Premium plan fee,-7.99,0.00,EUR,COMPLETED,192.38
Deposit,Current,2024-02-19 07:58:22,2024-02-19 07:58:22,Payment from DEEPAK BATHAM,550.00,0.00,EUR,COMPLETED,742.38
Transfer,Current,2024-02-19 08:00:03,2024-02-19 08:02:09,International transfer to Deepak Batham,-560.73,0.00,EUR,COMPLETED,181.65
Card Payment,Current,2024-02-20 23:56:05,2024-02-21 13:03:39,LycaMobile,-4.99,0.00,EUR,COMPLETED,176.66
Deposit,Current,2024-02-23 15:42:01,2024-02-23 15:42:02,Payment from DEEPAK BATHAM,1000.00,0.00,EUR,COMPLETED,1176.66
Card Payment,Current,2024-02-27 10:59:53,,Giftcards Bhn Gif,-184.67,0.00,EUR,REVERTED,
Card Payment,Current,2024-02-27 11:21:24,,IKEA,-184.75,0.00,EUR,REVERTED,
Transfer,Current,2024-02-29 19:04:02,2024-02-29 19:34:36,International transfer to Aarohi Nitinkumar Shah,-185.58,0.56,EUR,COMPLETED,990.52
Transfer,Current,2024-03-01 01:00:00,2024-03-01 12:51:28,To Telefonica Germany GmbH + Co. OHG,-46.98,0.00,EUR,COMPLETED,943.54
Card Payment,Current,2024-03-02 08:53:45,2024-03-03 12:57:57,Apple,-2.99,0.00,EUR,COMPLETED,940.55
Card Payment,Current,2024-03-02 08:29:59,2024-03-03 15:49:43,Google Cloud,-2.17,0.02,EUR,COMPLETED,938.36
Transfer,Current,2024-03-05 01:00:00,2024-03-05 12:45:55,To Feather by Stripe via PPRO,-6.58,0.00,EUR,COMPLETED,931.78
Card Payment,Current,2024-03-10 09:21:04,2024-03-11 04:49:05,Dubai Duty Free,-14.25,0.14,EUR,COMPLETED,917.39
Card Payment,Current,2024-03-10 09:28:32,2024-03-11 04:49:09,Emirates Leisure Retail,-12.50,0.12,EUR,COMPLETED,904.77
Card Payment,Current,2024-03-10 01:45:20,2024-03-11 13:55:16,Emirates,-241.30,2.41,EUR,COMPLETED,661.06
Card Payment,Current,2024-03-10 21:19:23,2024-03-11 15:19:27,Mithat Dongel,-64.30,0.00,EUR,COMPLETED,596.76
Card Payment,Current,2024-03-11 19:08:39,2024-03-12 13:28:36,Woolworth,-30.25,0.00,EUR,COMPLETED,566.51
Card Payment,Current,2024-03-11 19:40:55,2024-03-12 13:31:29,Aldi,-15.88,0.00,EUR,COMPLETED,550.63
Card Payment,Current,2024-03-11 18:34:56,2024-03-12 14:06:31,Soenmez Markt,-17.04,0.00,EUR,COMPLETED,533.59
Card Payment,Current,2024-03-11 18:10:48,2024-03-12 14:06:31,Indian Bazaar,-18.89,0.00,EUR,COMPLETED,514.70
Card Payment,Current,2024-03-11 17:46:14,2024-03-12 17:26:31,Xbags,-10.98,0.00,EUR,COMPLETED,503.72
Card Payment,Current,2024-03-12 19:13:00,2024-03-13 14:35:32,C&A,-59.99,0.00,EUR,COMPLETED,443.73
Card Payment,Current,2024-03-12 18:07:54,2024-03-13 16:45:09,Lovisa,-20.00,0.00,EUR,COMPLETED,423.73
Deposit,Current,2024-03-14 11:17:01,2024-03-14 11:17:01,Payment from DEEPAK BATHAM,1000.00,0.00,EUR,COMPLETED,1423.73
Card Payment,Current,2024-03-12 15:38:01,2024-03-15 13:22:35,Temu,-76.80,0.00,EUR,COMPLETED,1346.93
Card Payment,Current,2024-03-14 20:08:55,2024-03-15 17:16:02,Voi,-2.53,0.00,EUR,COMPLETED,1344.40
Card Payment,Current,2024-03-14 22:32:23,2024-03-15 17:38:13,Trainline,-104.60,0.00,EUR,COMPLETED,1239.80
Transfer,Current,2024-03-17 12:26:49,2024-03-17 12:26:51,To Deepak Batham Wise,-100.00,0.00,EUR,COMPLETED,1139.80
Card Payment,Current,2024-03-14 15:52:30,2024-03-17 16:48:33,Trainline,-276.60,0.00,EUR,COMPLETED,863.20
Card Payment,Current,2024-03-16 20:49:34,2024-03-17 17:05:55,Bolt,-15.00,0.00,EUR,COMPLETED,848.20
Card Payment,Current,2024-03-16 20:42:27,2024-03-17 17:07:34,Bolt,-0.98,0.00,EUR,COMPLETED,847.22
Card Payment,Current,2024-03-16 20:49:14,2024-03-17 17:08:15,Bolt,-15.00,0.00,EUR,COMPLETED,832.22
Card Payment,Current,2024-03-16 20:42:45,2024-03-17 17:08:15,Bolt,-0.98,0.00,EUR,COMPLETED,831.24
Fee,Current,2024-03-18 01:47:31,2024-03-18 01:47:31,Premium plan fee,-7.99,0.00,EUR,COMPLETED,823.25
Card Payment,Current,2024-03-15 20:37:47,2024-03-18 10:09:54,IKEA,-119.94,0.00,EUR,COMPLETED,703.31
Card Payment,Current,2024-03-16 19:42:17,2024-03-18 13:46:59,NEW YORKER,-45.97,0.00,EUR,COMPLETED,657.34
Card Payment,Current,2024-03-16 18:50:40,2024-03-18 13:49:05,008 Hamburg,-19.98,0.00,EUR,COMPLETED,637.36
Card Payment,Current,2024-03-16 19:50:54,2024-03-18 13:49:05,008 Hamburg,-54.99,0.00,EUR,COMPLETED,582.37
Card Payment,Current,2024-03-16 12:46:41,2024-03-19 15:26:20,Temu,-60.40,0.00,EUR,COMPLETED,521.97
Card Payment,Current,2024-03-19 20:06:54,,Voi,-5.00,0.00,EUR,REVERTED,
Card Payment,Current,2024-03-19 20:13:12,2024-03-20 09:09:53,Voi,-1.54,0.00,EUR,COMPLETED,520.43
Card Payment,Current,2024-03-19 18:24:46,2024-03-20 14:44:56,ALDI,-10.85,0.00,EUR,COMPLETED,509.58
Card Payment,Current,2024-03-19 19:37:42,2024-03-20 15:14:34,BAUHAUS,-56.03,0.00,EUR,COMPLETED,453.55
Card Payment,Current,2024-03-19 18:00:32,2024-03-20 15:14:56,Soenmez Markt,-8.17,0.00,EUR,COMPLETED,445.38
Card Payment,Current,2024-03-20 10:27:16,2024-03-21 12:11:33,Amazon,-19.99,0.00,EUR,COMPLETED,425.39
Card Payment,Current,2024-03-23 17:50:46,2024-03-24 09:15:17,Deichmann,-27.98,0.00,EUR,COMPLETED,397.41
Card Payment,Current,2024-03-23 19:20:34,2024-03-24 11:45:47,PEPCO,-5.00,0.00,EUR,COMPLETED,392.41
Card Payment,Current,2024-03-23 18:53:14,2024-03-24 11:53:00,H&M,-28.98,0.00,EUR,COMPLETED,363.43
Card Payment,Current,2024-03-23 16:38:03,2024-03-24 13:32:39,Indian Bazaar,-28.20,0.00,EUR,COMPLETED,335.23
Card Payment,Current,2024-03-23 23:15:27,2024-03-25 11:31:40,Amazon,-30.90,0.00,EUR,COMPLETED,304.33
Card Payment,Current,2024-03-25 10:33:43,2024-03-26 09:40:22,Voi,-0.66,0.00,EUR,COMPLETED,303.67
Card Payment,Current,2024-03-25 10:33:42,2024-03-26 09:40:27,Voi,-0.66,0.00,EUR,COMPLETED,303.01
Deposit,Current,2024-03-26 10:06:53,2024-03-26 10:06:53,Payment from DEEPAK BATHAM,1000.00,0.00,EUR,COMPLETED,1303.01
Transfer,Current,2024-03-26 10:14:40,2024-03-26 10:16:46,International transfer to Deepak Batham,-388.69,0.00,EUR,COMPLETED,914.32
Card Payment,Current,2024-03-26 10:37:09,2024-03-27 10:45:42,Amazon,-42.67,0.00,EUR,COMPLETED,871.65
Card Payment,Current,2024-03-27 19:37:10,2024-03-28 10:36:25,Rewe,-20.95,0.00,EUR,COMPLETED,850.70
Card Payment,Current,2024-03-27 19:07:26,2024-03-28 11:43:23,Budni,-29.09,0.00,EUR,COMPLETED,821.61
Card Payment,Current,2024-03-27 17:51:06,2024-03-28 14:28:14,Indian Bazaar,-15.08,0.00,EUR,COMPLETED,806.53
Card Payment,Current,2024-03-30 00:49:02,,Uber,-17.91,0.00,EUR,REVERTED,
Card Payment,Current,2024-03-30 01:03:44,,Bolt,-13.90,0.00,EUR,REVERTED,
Card Payment,Current,2024-03-30 01:05:27,,Bolt,-12.50,0.00,EUR,REVERTED,
Card Payment,Current,2024-03-30 01:09:17,,Bolt,-19.40,0.00,EUR,REVERTED,
Card Payment,Current,2024-03-30 01:10:21,,Bolt,-19.40,0.00,EUR,REVERTED,
Card Payment,Current,2024-03-29 16:41:19,2024-03-30 12:38:59,GVB,-12.40,0.00,EUR,COMPLETED,794.13
Card Payment,Current,2024-03-30 13:12:46,2024-03-31 09:48:43,Albert Heijn,-4.04,0.00,EUR,COMPLETED,790.09
Card Payment,Current,2024-03-30 15:59:08,2024-03-31 09:48:56,De Zaanse Schans,-6.45,0.00,EUR,COMPLETED,783.64
Card Payment,Current,2024-03-30 14:04:36,2024-03-31 09:56:45,Aldi,-16.51,0.00,EUR,COMPLETED,767.13
Card Payment,Current,2024-03-30 20:01:19,2024-03-31 11:35:21,GVB,-9.00,0.00,EUR,COMPLETED,758.13
Card Payment,Current,2024-03-30 22:01:27,2024-04-01 09:28:43,OVpay,-6.00,0.00,EUR,COMPLETED,752.13
Card Payment,Current,2024-03-31 17:55:19,2024-04-01 10:18:59,The Hash Eatery,-46.25,0.00,EUR,COMPLETED,705.88
Card Payment,Current,2024-03-30 01:32:52,2024-04-01 12:23:03,Uber,-9.73,0.00,EUR,COMPLETED,696.15
Card Payment,Current,2024-03-30 16:48:54,2024-04-01 12:23:35,OVpay,-6.00,0.00,EUR,COMPLETED,690.15
Card Payment,Current,2024-03-30 16:48:55,2024-04-01 12:47:41,OVpay,-6.00,0.00,EUR,COMPLETED,684.15
Card Payment,Current,2024-04-01 09:50:11,2024-04-02 11:24:47,Uber,-73.06,0.00,EUR,COMPLETED,611.09
Card Payment,Current,2024-04-01 16:26:31,2024-04-02 11:48:03,PLUS,-6.83,0.00,EUR,COMPLETED,604.26
Card Payment,Current,2024-04-01 15:02:35,2024-04-02 11:52:08,Vof De Babbelaar Zwa,-60.00,0.00,EUR,COMPLETED,544.26
Card Payment,Current,2024-04-02 23:21:42,,Amazon,-22.90,0.00,EUR,REVERTED,
Card Payment,Current,2024-04-01 20:52:07,2024-04-03 10:05:38,Uber Eats,-78.22,0.00,EUR,COMPLETED,466.04
Card Payment,Current,2024-04-02 11:10:43,2024-04-03 10:36:15,D.C.U.,-14.25,0.00,EUR,COMPLETED,451.79
Card Payment,Current,2024-04-02 08:53:18,2024-04-03 11:18:16,Apple,-2.99,0.00,EUR,COMPLETED,448.80
Card Payment,Current,2024-04-02 23:26:42,2024-04-03 11:48:05,Amazon,-19.99,0.00,EUR,COMPLETED,428.81
Card Payment,Current,2024-04-02 10:35:17,2024-04-03 12:38:21,GVB,-6.80,0.00,EUR,COMPLETED,422.01
Transfer,Current,2024-04-03 02:00:00,2024-04-03 12:46:31,To Telefonica Germany GmbH + Co. OHG,-46.98,0.00,EUR,COMPLETED,375.03
Card Payment,Current,2024-04-03 20:52:57,2024-04-04 11:36:00,Amazon,-69.98,0.00,EUR,COMPLETED,305.05
Card Payment,Current,2024-04-03 20:52:34,2024-04-04 12:41:21,Amazon,-8.99,0.00,EUR,COMPLETED,296.06
Transfer,Current,2024-04-04 02:00:00,2024-04-04 12:43:36,To Feather by Stripe via PPRO,-6.58,0.00,EUR,COMPLETED,289.48
Card Payment,Current,2024-04-03 22:45:48,2024-04-05 13:18:20,Amazon,-21.99,0.00,EUR,COMPLETED,267.49
Card Payment,Current,2024-04-05 12:37:20,2024-04-06 11:42:01,ALDI,-30.64,0.00,EUR,COMPLETED,236.85
Card Payment,Current,2024-04-05 11:54:30,2024-04-06 12:14:40,Budni,-18.74,0.00,EUR,COMPLETED,218.11
Card Payment,Current,2024-04-05 10:57:45,2024-04-06 14:33:06,Hamburg Service Vor Or,-13.00,0.00,EUR,COMPLETED,205.11
Card Payment,Current,2024-04-07 16:03:05,2024-04-08 10:32:08,Uber,-45.80,0.00,EUR,COMPLETED,159.31
Card Payment,Current,2024-04-07 15:06:20,2024-04-08 11:42:12,Mahathali,-50.00,0.00,EUR,COMPLETED,109.31
Deposit,Current,2024-04-09 03:09:19,2024-04-09 03:09:19,Payment from DEEPAK BATHAM,3000.00,0.00,EUR,COMPLETED,3109.31
Card Payment,Current,2024-04-09 18:07:17,2024-04-10 10:51:06,ALDI,-20.89,0.00,EUR,COMPLETED,3088.42
Card Payment,Current,2024-04-09 11:10:51,2024-04-10 16:37:09,Google Cloud,-2.98,0.00,EUR,COMPLETED,3085.44
Card Payment,Current,2024-04-10 23:05:58,2024-04-11 13:08:45,Voi,-2.53,0.00,EUR,COMPLETED,3082.91
Card Payment,Current,2024-04-10 23:11:21,2024-04-11 13:09:09,Voi,-0.88,0.00,EUR,COMPLETED,3082.03
Card Payment,Current,2024-04-12 19:06:29,2024-04-13 12:57:30,Rewe,-13.20,0.00,EUR,COMPLETED,3068.83
Card Payment,Current,2024-04-12 20:08:48,2024-04-13 13:35:09,BAUHAUS,-60.13,0.00,EUR,COMPLETED,3008.70
Card Payment,Current,2024-04-13 19:09:21,2024-04-14 11:32:08,Spc Row Jeans Outlet,-50.00,0.00,EUR,COMPLETED,2958.70
Card Payment,Current,2024-04-13 18:31:51,2024-04-15 11:35:50,TEDi,-17.65,0.00,EUR,COMPLETED,2941.05
Card Payment,Current,2024-04-13 18:59:02,2024-04-15 11:53:03,Amazon,-40.00,0.00,EUR,COMPLETED,2901.05
Card Payment,Current,2024-04-13 15:52:18,2024-04-15 12:45:42,Amazon,-39.99,0.00,EUR,COMPLETED,2861.06
Card Payment,Current,2024-04-13 15:48:37,2024-04-16 12:08:21,Amazon,-38.85,0.00,EUR,COMPLETED,2822.21
Fee,Current,2024-04-18 02:29:48,2024-04-18 02:29:48,Premium plan fee,-7.99,0.00,EUR,COMPLETED,2814.22
Card Payment,Current,2024-04-17 20:38:02,2024-04-18 12:26:49,Voi,-1.76,0.00,EUR,COMPLETED,2812.46
Card Payment,Current,2024-04-17 21:26:57,2024-04-18 12:31:48,Voi,-1.54,0.00,EUR,COMPLETED,2810.92
Card Payment,Current,2024-04-17 21:27:21,2024-04-18 12:32:06,Voi,-2.53,0.00,EUR,COMPLETED,2808.39
Card Payment,Current,2024-04-18 22:50:36,2024-04-19 10:14:39,Amazon,-62.99,0.00,EUR,COMPLETED,2745.40
Card Payment,Current,2024-04-18 15:36:07,2024-04-19 13:20:15,Voi,-3.49,0.00,EUR,COMPLETED,2741.91
Transfer,Current,2024-04-19 13:48:15,2024-04-19 13:50:21,International transfer to Deepak Batham,-225.91,0.00,EUR,COMPLETED,2516.00
Card Payment,Current,2024-04-19 18:06:22,2024-04-20 12:44:00,ALDI,-10.19,0.00,EUR,COMPLETED,2505.81
Card Payment,Current,2024-04-22 19:31:39,2024-04-23 11:14:15,Soenmez Markt,-10.04,0.00,EUR,COMPLETED,2495.77
Card Payment,Current,2024-04-22 19:18:16,2024-04-23 13:29:48,Aldi,-12.96,0.00,EUR,COMPLETED,2482.81
Card Payment,Current,2024-04-23 19:08:01,2024-04-24 10:34:12,Mekan Patisserie,-19.50,0.00,EUR,COMPLETED,2463.31
Card Payment,Current,2024-04-23 19:01:06,2024-04-24 12:09:00,dm drogerie,-11.40,0.00,EUR,COMPLETED,2451.91
Card Payment,Current,2024-04-23 19:29:29,2024-04-25 11:54:31,TEDi,-6.75,0.00,EUR,COMPLETED,2445.16
Card Payment,Current,2024-04-24 19:49:50,2024-04-25 12:19:02,Rewe,-24.74,0.00,EUR,COMPLETED,2420.42
Deposit,Current,2024-04-25 13:50:18,2024-04-25 13:50:19,Payment from DEEPAK BATHAM,800.00,0.00,EUR,COMPLETED,3220.42
Card Payment,Current,2024-04-26 09:10:03,2024-04-27 10:34:39,Amazon,-9.49,0.00,EUR,COMPLETED,3210.93
Card Payment,Current,2024-04-26 18:56:17,2024-04-27 14:51:58,Google Thema,-1.24,0.00,EUR,COMPLETED,3209.69
Card Payment,Current,2024-04-26 15:49:18,2024-04-28 11:24:17,Qatar Air,-1131.66,0.00,EUR,COMPLETED,2078.03
Card Payment,Current,2024-04-27 19:05:26,2024-04-28 12:05:55,BAUHAUS,-145.36,0.00,EUR,COMPLETED,1932.67
Card Payment,Current,2024-04-27 19:09:22,2024-04-29 12:06:00,Uber,-11.80,0.00,EUR,COMPLETED,1920.87
Card Payment,Current,2024-04-29 18:37:31,2024-04-30 11:35:13,Mekan Patisserie,-6.40,0.00,EUR,COMPLETED,1914.47
Card Payment,Current,2024-04-29 19:54:05,2024-04-30 11:54:33,Woolworth,-13.25,0.00,EUR,COMPLETED,1901.22
Card Payment,Current,2024-04-29 19:26:48,2024-04-30 11:54:45,TEDi,-15.30,0.00,EUR,COMPLETED,1885.92
Card Payment,Current,2024-04-29 18:47:17,2024-04-30 12:13:31,Soenmez Markt,-10.76,0.00,EUR,COMPLETED,1875.16
Card Payment,Current,2024-04-30 14:54:51,2024-05-01 11:45:18,Trainline,-270.30,0.00,EUR,COMPLETED,1604.86
Card Payment,Current,2024-04-29 17:45:37,2024-05-02 12:33:08,Temu,-1.42,0.00,EUR,COMPLETED,1603.44
Card Payment,Current,2024-04-29 17:40:57,2024-05-02 12:33:11,Temu,-17.52,0.00,EUR,COMPLETED,1585.92
Card Payment,Current,2024-05-01 09:45:47,2024-05-02 12:44:10,Booking.com,-28.00,0.00,EUR,COMPLETED,1557.92
Card Payment,Current,2024-05-01 09:49:20,2024-05-02 12:44:12,Booking.com,-43.20,0.00,EUR,COMPLETED,1514.72
Card Payment,Current,2024-05-02 08:53:16,2024-05-03 10:11:30,Apple,-2.99,0.00,EUR,COMPLETED,1511.73
Card Payment,Current,2024-05-02 18:39:06,2024-05-03 11:02:49,ALDI,-29.24,0.00,EUR,COMPLETED,1482.49
Transfer,Current,2024-05-03 02:00:00,2024-05-03 12:43:37,To Telefonica Germany GmbH + Co. OHG,-46.98,0.00,EUR,COMPLETED,1435.51
Card Payment,Current,2024-05-02 19:15:21,2024-05-03 13:08:28,TEDi,-8.00,0.00,EUR,COMPLETED,1427.51
Card Payment,Current,2024-05-02 15:34:01,2024-05-03 16:28:35,Facer,-18.73,0.00,EUR,COMPLETED,1408.78
Card Payment,Current,2024-05-04 18:51:39,2024-05-05 11:50:41,BAUHAUS,-65.01,0.00,EUR,COMPLETED,1343.77
Card Payment,Current,2024-04-30 14:40:02,2024-05-06 11:12:19,Amazon,-39.89,0.00,EUR,COMPLETED,1303.88
Transfer,Current,2024-05-06 02:00:00,2024-05-06 12:45:02,To Feather by Stripe via PPRO,-6.58,0.00,EUR,COMPLETED,1297.30
Card Payment,Current,2024-05-07 16:35:40,2024-05-08 11:08:59,Zara,-56.10,0.00,EUR,COMPLETED,1241.20
Card Payment,Current,2024-05-07 16:44:56,2024-05-08 11:44:26,Ahoi Hamburg / Scharbeutz,-6.50,0.00,EUR,COMPLETED,1234.70
Card Payment,Current,2024-05-07 14:06:20,2024-05-08 12:34:45,Chutney,-19.00,0.00,EUR,COMPLETED,1215.70
Card Payment,Current,2024-05-07 19:30:51,2024-05-08 12:57:36,H&M,-66.97,0.00,EUR,COMPLETED,1148.73
Transfer,Current,2024-05-09 08:39:35,2024-05-09 08:41:42,International transfer to Deepak Batham,-391.96,1.18,EUR,COMPLETED,755.59
Card Payment,Current,2024-05-08 10:52:44,2024-05-09 13:40:00,ALDI,-17.25,0.00,EUR,COMPLETED,738.34
Card Payment,Current,2024-05-09 11:07:09,2024-05-10 11:54:54,Booking.com,-38.01,0.00,EUR,COMPLETED,700.33
Card Payment,Current,2024-05-10 18:43:34,2024-05-11 13:05:44,Soenmez Markt,-12.92,0.00,EUR,COMPLETED,687.41
Card Payment,Current,2024-05-10 19:05:15,2024-05-11 14:05:52,ALDI,-8.11,0.00,EUR,COMPLETED,679.30
Card Payment,Current,2024-05-11 19:40:53,2024-05-12 10:58:08,H&M,-67.97,0.00,EUR,COMPLETED,611.33
Card Payment,Current,2024-05-13 01:22:49,2024-05-14 10:45:35,Booking.com,-396.87,0.00,EUR,COMPLETED,214.46
Card Payment,Current,2024-05-13 20:15:07,2024-05-14 10:48:19,Voi,-1.10,0.00,EUR,COMPLETED,213.36
Card Payment,Current,2024-05-13 19:19:32,2024-05-14 11:42:52,Aldi,-8.32,0.00,EUR,COMPLETED,205.04
Deposit,Current,2024-05-14 12:37:57,2024-05-14 12:37:58,Payment from DEEPAK BATHAM,500.00,0.00,EUR,COMPLETED,705.04
Card Payment,Current,2024-05-14 14:39:44,2024-05-15 11:59:45,Amazon,-40.00,0.00,EUR,COMPLETED,665.04
Card Payment,Current,2024-05-15 19:09:18,2024-05-16 12:06:33,Amazon,-28.98,0.00,EUR,COMPLETED,636.06
Card Payment,Current,2024-05-15 19:08:35,2024-05-16 12:30:49,Amazon,-8.99,0.00,EUR,COMPLETED,627.07
Card Payment,Current,2024-05-16 20:17:35,2024-05-17 10:29:47,Booking.com,-6.00,0.00,EUR,COMPLETED,621.07
Card Payment,Current,2024-05-16 21:34:53,2024-05-17 10:57:17,Amazon,-28.95,0.00,EUR,COMPLETED,592.12
Fee,Current,2024-05-18 02:47:14,2024-05-18 02:47:14,Premium plan fee,-7.99,0.00,EUR,COMPLETED,584.13
Card Payment,Current,2024-05-18 21:25:00,2024-05-19 15:19:28,Golden Tikka,-29.00,0.29,EUR,COMPLETED,554.84
Card Payment,Current,2024-05-18 15:24:45,2024-05-20 10:52:11,Voi,-3.49,0.00,EUR,COMPLETED,551.35
Card Payment,Current,2024-05-20 12:45:44,,Uber,-10.61,0.00,EUR,REVERTED,
Card Payment,Current,2024-05-19 14:28:50,2024-05-20 14:20:06,Bombay Express,-2.81,0.03,EUR,COMPLETED,548.51
Card Payment,Current,2024-05-19 14:28:14,2024-05-20 14:20:08,Bombay Express,-15.31,0.15,EUR,COMPLETED,533.05
Card Payment,Current,2024-05-19 12:07:30,2024-05-20 14:40:19,RPM Service,-0.82,0.01,EUR,COMPLETED,532.22
Card Payment,Current,2024-05-19 15:12:37,2024-05-20 14:54:01,Uber,-8.37,0.08,EUR,COMPLETED,523.77
Card Payment,Current,2024-05-19 09:32:16,2024-05-20 14:54:34,Bageterie Boulevard,-11.21,0.11,EUR,COMPLETED,512.45
Card Payment,Current,2024-05-18 17:45:02,2024-05-20 14:55:07,Uber,-5.07,0.05,EUR,COMPLETED,507.33
Card Payment,Current,2024-05-19 19:50:37,2024-05-20 15:04:22,FÆNCY FRIES,-5.28,0.05,EUR,COMPLETED,502.00
Card Payment,Current,2024-05-19 19:51:15,2024-05-20 15:04:22,FÆNCY FRIES,-2.52,0.03,EUR,COMPLETED,499.45
Card Payment,Current,2024-05-20 10:31:32,2024-05-21 14:11:04,Jiri Zetek Gremiu,-5.28,0.00,EUR,COMPLETED,494.17
Card Payment,Current,2024-05-20 11:45:39,2024-05-21 14:17:18,Indická kantýna,-17.85,0.00,EUR,COMPLETED,476.32
Card Payment,Current,2024-05-19 21:04:59,2024-05-21 14:17:22,Art and Gifts,-10.12,0.10,EUR,COMPLETED,466.10
Card Payment,Current,2024-05-20 12:47:25,2024-05-21 14:21:39,Uber,-10.64,0.00,EUR,COMPLETED,455.46
Card Payment,Current,2024-05-20 08:48:58,2024-05-21 14:45:00,Bolt,-5.69,0.00,EUR,COMPLETED,449.77
Card Payment,Current,2024-05-20 17:42:15,2024-05-21 15:06:36,Starlite,-5.48,0.00,EUR,COMPLETED,444.29
Card Payment,Current,2024-05-20 20:38:24,2024-05-21 15:09:10,Dosadum,-22.32,0.00,EUR,COMPLETED,421.97
Card Payment,Current,2024-05-20 16:28:28,2024-05-21 15:11:04,Top Deck Catering S.r.o.,-12.77,0.00,EUR,COMPLETED,409.20
Card Payment,Current,2024-05-20 18:16:12,2024-05-21 15:37:05,Souvenirs Karlova 9 Star,-16.20,0.00,EUR,COMPLETED,393.00
Card Payment,Current,2024-05-21 14:30:17,2024-05-22 14:10:24,ILoveMobil,-33.66,0.00,EUR,COMPLETED,359.34
Card Payment,Current,2024-05-21 11:01:07,2024-05-22 14:13:14,Amadea,-14.62,0.00,EUR,COMPLETED,344.72
Card Payment,Current,2024-05-21 13:26:30,2024-05-22 14:18:12,Uber,-14.69,0.00,EUR,COMPLETED,330.03
Card Payment,Current,2024-05-21 12:30:35,2024-05-22 14:23:31,Five Rivers,-12.31,0.00,EUR,COMPLETED,317.72
Card Payment,Current,2024-05-22 19:36:07,2024-05-23 10:10:59,ALDI,-13.97,0.00,EUR,COMPLETED,303.75
Card Payment,Current,2024-05-22 17:49:02,2024-05-23 11:28:14,Amazon,-29.99,0.00,EUR,COMPLETED,273.76
Card Payment,Current,2024-05-22 19:09:58,2024-05-23 11:31:08,Soenmez Markt,-14.46,0.00,EUR,COMPLETED,259.30
Card Payment,Current,2024-05-22 20:57:46,2024-05-24 10:56:58,Amazon,-31.95,0.00,EUR,COMPLETED,227.35
Card Payment,Current,2024-05-22 17:00:23,2024-05-24 11:13:49,Amazon,-19.46,0.00,EUR,COMPLETED,207.89
Card Payment,Current,2024-05-23 17:29:40,2024-05-24 15:25:45,Amazon,-0.03,0.00,EUR,COMPLETED,207.86
Card Refund,Current,2024-05-24 02:00:00,2024-05-24 15:25:46,Amazon,0.03,0.00,EUR,COMPLETED,207.89
Card Payment,Current,2024-05-24 18:37:51,2024-05-25 10:32:00,ALDI,-6.73,0.00,EUR,COMPLETED,201.16
Card Payment,Current,2024-05-24 19:08:53,2024-05-25 12:01:06,TEDi,-8.65,0.00,EUR,COMPLETED,192.51
Card Payment,Current,2024-05-24 19:42:13,2024-05-25 12:05:05,Budni,-14.30,0.00,EUR,COMPLETED,178.21
Deposit,Current,2024-05-27 03:01:11,2024-05-27 03:01:11,Payment from DEEPAK BATHAM,1000.00,0.00,EUR,COMPLETED,1178.21
Transfer,Current,2024-05-27 09:50:19,2024-05-27 09:52:25,International transfer to Deepak Batham,-423.38,0.00,EUR,COMPLETED,754.83
Card Payment,Current,2024-05-25 19:02:26,2024-05-27 10:54:13,Voi,-1.32,0.00,EUR,COMPLETED,753.51
Card Payment,Current,2024-05-25 16:03:50,2024-05-27 11:27:51,Woolworth,-11.00,0.00,EUR,COMPLETED,742.51
Card Payment,Current,2024-05-27 09:37:05,2024-05-28 14:46:32,Booking.com,-427.11,0.00,EUR,COMPLETED,315.40
Card Payment,Current,2024-05-28 19:52:56,2024-05-29 12:20:32,Indian Bazaar,-7.23,0.00,EUR,COMPLETED,308.17
Card Payment,Current,2024-05-28 19:21:53,2024-05-29 12:35:44,Rewe,-14.88,0.00,EUR,COMPLETED,293.29
Card Payment,Current,2024-05-28 18:51:24,2024-05-29 12:51:25,H&M,-56.20,0.00,EUR,COMPLETED,237.09
Card Payment,Current,2024-05-29 18:20:08,2024-05-30 10:27:01,ONLY,-39.99,0.00,EUR,COMPLETED,197.10
Card Payment,Current,2024-05-29 19:33:23,2024-05-30 12:04:48,Deichmann,-45.09,0.00,EUR,COMPLETED,152.01
Card Payment,Current,2024-05-29 18:55:21,2024-05-30 12:27:49,Budni,-20.54,0.00,EUR,COMPLETED,131.47
Deposit,Current,2024-05-31 13:54:09,2024-05-31 13:54:09,Payment from DEEPAK BATHAM,400.00,0.00,EUR,COMPLETED,531.47
Card Payment,Current,2024-05-31 20:31:03,,Radisson Blu,-0.09,0.00,EUR,REVERTED,
Card Payment,Current,2024-05-31 20:54:54,2024-06-01 16:10:02,Uber Eats,-27.53,0.00,EUR,COMPLETED,503.94
Card Payment,Current,2024-06-01 11:44:59,2024-06-02 13:49:41,Espresso House,-13.18,0.13,EUR,COMPLETED,490.63
Card Payment,Current,2024-06-01 15:37:07,2024-06-02 14:51:54,Västtrafik,-20.21,0.20,EUR,COMPLETED,470.22
Card Payment,Current,2024-06-01 16:54:07,2024-06-02 14:51:58,Västtrafik,-20.21,0.20,EUR,COMPLETED,449.81
Card Payment,Current,2024-05-31 14:29:02,2024-06-02 14:56:13,7-Eleven,-3.70,0.00,EUR,COMPLETED,446.11
Card Payment,Current,2024-05-31 14:42:09,2024-06-02 15:00:53,La Place Express Hbg 231,-3.37,0.00,EUR,COMPLETED,442.74
Card Payment,Current,2024-06-02 08:53:18,2024-06-03 10:37:29,Apple,-2.99,0.00,EUR,COMPLETED,439.75
Deposit,Current,2024-06-03 12:36:56,2024-06-03 12:36:56,Payment from EURANET PLUS GEIE,2000.00,0.00,EUR,COMPLETED,2439.75
Card Payment,Current,2024-06-02 14:20:13,2024-06-03 14:35:35,Universeum,-72.49,0.72,EUR,COMPLETED,2366.54
Transfer,Current,2024-06-03 15:14:23,2024-06-03 15:14:25,To Deepak Batham Wise,-100.00,0.00,EUR,COMPLETED,2266.54
Card Payment,Current,2024-06-02 21:59:56,2024-06-03 15:56:41,Restaurang Takame,-38.40,0.38,EUR,COMPLETED,2227.76
Transfer,Current,2024-06-04 02:00:00,2024-06-04 12:44:14,To Telefonica Germany GmbH + Co. OHG,-46.98,0.00,EUR,COMPLETED,2180.78
Card Payment,Current,2024-06-03 16:33:43,2024-06-04 16:23:47,Steinbrenner Och Nyberg O,-8.93,0.00,EUR,COMPLETED,2171.85
Card Payment,Current,2024-06-03 11:57:41,2024-06-04 16:23:55,Hawaii Poke Femman,-23.74,0.00,EUR,COMPLETED,2148.11
Transfer,Current,2024-06-05 02:00:00,2024-06-05 12:48:25,To Feather by Stripe via PPRO,-6.58,0.00,EUR,COMPLETED,2141.53
Card Payment,Current,2024-06-03 15:44:54,2024-06-05 16:55:46,Zara,-52.71,0.00,EUR,COMPLETED,2088.82
Card Payment,Current,2024-06-05 17:49:22,2024-06-06 10:29:01,ALDI,-8.14,0.00,EUR,COMPLETED,2080.68
Card Payment,Current,2024-06-04 12:39:56,2024-06-06 15:00:11,Radisson Blu,-68.67,0.00,EUR,COMPLETED,2012.01
Card Payment,Current,2024-06-04 15:02:47,2024-06-06 16:30:39,La Place Express Hbg 231,-25.95,0.00,EUR,COMPLETED,1986.06
Card Payment,Current,2024-06-05 23:11:03,2024-06-07 11:54:51,Amazon,-83.73,0.00,EUR,COMPLETED,1902.33
Card Payment,Current,2024-06-05 19:29:38,2024-06-07 12:03:29,Amazon,-21.98,0.00,EUR,COMPLETED,1880.35
Transfer,Current,2024-06-07 16:09:00,2024-06-07 16:11:07,International transfer to Deepak Batham,-111.22,0.33,EUR,COMPLETED,1768.80
Card Payment,Current,2024-06-08 16:22:40,2024-06-09 11:51:18,BAUHAUS,-58.60,0.00,EUR,COMPLETED,1710.20
Card Payment,Current,2024-06-08 17:31:03,2024-06-09 11:51:23,Indian Bazaar,-18.18,0.00,EUR,COMPLETED,1692.02
Card Payment,Current,2024-06-08 11:59:20,2024-06-09 12:36:57,Amazon,-29.00,0.00,EUR,COMPLETED,1663.02
Card Payment,Current,2024-06-08 17:14:02,2024-06-09 12:49:33,Lidl,-9.79,0.00,EUR,COMPLETED,1653.23
Card Payment,Current,2024-06-07 12:25:49,2024-06-10 11:53:12,Amazon,-98.00,0.00,EUR,COMPLETED,1555.23
Card Payment,Current,2024-06-10 10:09:15,2024-06-10 17:47:40,OpenAI,-11.09,0.00,EUR,COMPLETED,1544.14
Card Payment,Current,2024-06-12 18:03:12,2024-06-13 10:08:48,ALDI,-41.51,0.00,EUR,COMPLETED,1502.63
Card Payment,Current,2024-06-12 12:59:58,2024-06-13 10:12:51,Voi,-1.54,0.00,EUR,COMPLETED,1501.09
Card Payment,Current,2024-06-13 14:39:44,2024-06-14 11:47:58,Amazon,-40.00,0.00,EUR,COMPLETED,1461.09
Fee,Current,2024-06-18 02:30:19,2024-06-18 02:30:19,Premium plan fee,-7.99,0.00,EUR,COMPLETED,1453.10
Card Payment,Current,2024-06-18 15:07:16,2024-06-19 10:41:09,Voi,-3.49,0.00,EUR,COMPLETED,1449.61
Card Payment,Current,2024-06-19 18:02:26,2024-06-20 10:30:58,ALDI,-25.92,0.00,EUR,COMPLETED,1423.69
Card Payment,Current,2024-06-19 18:40:28,2024-06-20 12:30:58,Soenmez Markt,-13.82,0.00,EUR,COMPLETED,1409.87
Card Payment,Current,2024-06-19 14:51:03,2024-06-21 11:24:02,Amazon,-42.10,0.00,EUR,COMPLETED,1367.77
Card Payment,Current,2024-06-22 18:53:25,2024-06-23 11:37:44,IKEA,-122.88,0.00,EUR,COMPLETED,1244.89
Card Payment,Current,2024-06-22 18:58:26,2024-06-23 11:37:44,IKEA,-4.00,0.00,EUR,COMPLETED,1240.89
Transfer,Current,2024-06-24 09:27:39,2024-06-24 10:04:50,To OTTO Payments,-48.73,0.00,EUR,COMPLETED,1192.16
Transfer,Current,2024-06-24 09:26:54,2024-06-24 10:04:51,To OTTO Payments,-29.99,0.00,EUR,COMPLETED,1162.17
Card Payment,Current,2024-06-23 12:30:06,2024-06-24 12:05:17,Grill House,-18.50,0.00,EUR,COMPLETED,1143.67
Deposit,Current,2024-06-25 03:07:56,2024-06-25 03:07:56,Payment from DEEPAK BATHAM,1000.00,0.00,EUR,COMPLETED,2143.67
Card Payment,Current,2024-06-24 17:27:35,2024-06-25 11:04:16,Hfn Yoga Teacher,-500.00,0.00,EUR,COMPLETED,1643.67
Transfer,Current,2024-06-25 12:17:30,2024-06-25 12:19:36,International transfer to Deepak Batham,-505.05,0.00,EUR,COMPLETED,1138.62
Transfer,Current,2024-06-26 08:50:10,2024-06-26 09:37:21,To OTTO Payments GmbH,-25.90,0.00,EUR,COMPLETED,1112.72
Card Payment,Current,2024-06-25 18:51:49,2024-06-26 11:38:39,ALDI,-15.93,0.00,EUR,COMPLETED,1096.79
Card Payment,Current,2024-06-25 18:35:33,2024-06-26 12:17:15,Soenmez Markt,-11.14,0.00,EUR,COMPLETED,1085.65
Card Payment,Current,2024-06-25 18:23:10,2024-06-26 12:17:18,Indian Bazaar,-54.64,0.00,EUR,COMPLETED,1031.01
Transfer,Current,2024-06-28 12:18:23,2024-06-28 13:02:46,To OTTO Payments GmbH,-37.95,0.00,EUR,COMPLETED,993.06
Card Payment,Current,2024-06-30 14:03:35,2024-07-01 12:02:49,Voi,-1.87,0.00,EUR,COMPLETED,991.19
Card Payment,Current,2024-06-30 14:03:37,2024-07-01 12:45:29,Voi,-1.10,0.00,EUR,COMPLETED,990.09
Card Payment,Current,2024-07-01 18:18:15,2024-07-02 13:14:53,ALDI,-14.81,0.00,EUR,COMPLETED,975.28
Card Payment,Current,2024-07-02 08:55:46,2024-07-03 11:51:01,Apple,-9.99,0.00,EUR,COMPLETED,965.29
Card Payment,Current,2024-07-02 08:53:18,2024-07-03 11:51:16,Apple,-2.99,0.00,EUR,COMPLETED,962.30
Card Payment,Current,2024-06-30 17:42:04,2024-07-03 12:21:32,Amazon,-41.97,0.00,EUR,COMPLETED,920.33
Card Refund,Current,2024-07-03 02:00:00,2024-07-03 12:23:02,Apple,2.99,0.00,EUR,COMPLETED,923.32
Transfer,Current,2024-07-03 02:00:00,2024-07-03 12:43:06,To Feather by Stripe via PPRO,-6.58,0.00,EUR,COMPLETED,916.74
Transfer,Current,2024-07-03 02:00:00,2024-07-03 12:43:33,To Telefonica Germany GmbH + Co. OHG,-46.98,0.00,EUR,COMPLETED,869.76
Card Payment,Current,2024-07-04 18:54:32,2024-07-05 12:03:56,H&M,-42.98,0.00,EUR,COMPLETED,826.78
Card Payment,Current,2024-07-05 14:50:35,2024-07-06 11:34:18,dm drogerie,-1.95,0.00,EUR,COMPLETED,824.83
Card Payment,Current,2024-07-05 18:07:31,2024-07-06 12:16:18,Baeckermeesenburg,-7.50,0.00,EUR,COMPLETED,817.33
Card Payment,Current,2024-07-05 14:33:49,2024-07-07 18:46:31,JYSK,-40.50,0.00,EUR,COMPLETED,776.83
Transfer,Current,2024-07-09 08:37:35,2024-07-09 08:39:41,International transfer to Deepak Batham,-111.14,0.33,EUR,COMPLETED,665.36
Card Payment,Current,2024-07-10 18:33:46,2024-07-11 12:28:14,TEDi,-9.65,0.00,EUR,COMPLETED,655.71
Card Payment,Current,2024-07-10 18:45:35,2024-07-11 12:53:03,Mekan Patisserie,-6.30,0.00,EUR,COMPLETED,649.41
Card Payment,Current,2024-07-10 18:18:31,2024-07-11 13:04:40,ALDI,-23.22,0.00,EUR,COMPLETED,626.19
Card Payment,Current,2024-07-13 14:39:44,2024-07-14 11:56:18,Amazon,-40.00,0.00,EUR,COMPLETED,586.19
Card Payment,Current,2024-07-14 18:08:14,2024-07-15 17:53:30,Squarespace,-1.82,0.02,EUR,COMPLETED,584.35
Card Payment,Current,2024-07-15 18:58:04,2024-07-16 12:03:38,Woolworth,-14.75,0.00,EUR,COMPLETED,569.60
Card Payment,Current,2024-07-15 18:32:33,2024-07-16 12:57:41,ALDI,-7.52,0.00,EUR,COMPLETED,562.08
Card Payment,Current,2024-07-15 19:06:54,2024-07-16 14:46:38,Soenmez Markt,-9.26,0.00,EUR,COMPLETED,552.82
Card Payment,Current,2024-07-15 19:30:32,2024-07-16 14:52:41,Lidl,-5.79,0.00,EUR,COMPLETED,547.03
Deposit,Current,2024-07-17 15:24:25,2024-07-17 15:24:26,Payment from DEEPAK BATHAM,300.00,0.00,EUR,COMPLETED,847.03
Fee,Current,2024-07-18 05:43:31,2024-07-18 05:43:31,Premium plan fee,-7.99,0.00,EUR,COMPLETED,839.04
Card Payment,Current,2024-07-17 11:10:25,2024-07-18 12:53:47,Amazon,-8.99,0.00,EUR,COMPLETED,830.05
Card Payment,Current,2024-07-17 19:06:54,2024-07-18 13:36:19,Indian Bazaar,-19.63,0.00,EUR,COMPLETED,810.42
Card Payment,Current,2024-07-17 18:45:05,2024-07-18 13:36:22,BAUHAUS,-11.48,0.00,EUR,COMPLETED,798.94
Card Payment,Current,2024-07-18 15:11:41,2024-07-19 10:04:07,Voi,-3.49,0.00,EUR,COMPLETED,795.45
Card Payment,Current,2024-07-19 10:55:40,2024-07-20 09:29:29,Budni,-11.89,0.00,EUR,COMPLETED,783.56
Card Payment,Current,2024-07-19 10:40:06,2024-07-20 11:46:06,Arcaden Apotheke OHG,-18.90,0.00,EUR,COMPLETED,764.66
Transfer,Current,2024-07-22 19:04:42,2024-07-22 19:06:48,International transfer to Deepak Batham,-55.18,0.00,EUR,COMPLETED,709.48
Card Payment,Current,2024-07-22 10:42:07,2024-07-23 10:19:24,Amazon,-11.00,0.00,EUR,COMPLETED,698.48
Card Refund,Current,2024-07-23 02:00:00,2024-07-23 10:24:51,Amazon,115.00,0.00,EUR,COMPLETED,813.48
Card Payment,Current,2024-07-17 12:34:05,2024-07-23 10:50:05,Amazon,-186.99,0.00,EUR,COMPLETED,626.49
Card Payment,Current,2024-07-22 18:11:49,2024-07-23 11:03:31,ALDI,-22.28,0.00,EUR,COMPLETED,604.21
Card Payment,Current,2024-07-22 13:31:53,2024-07-23 11:22:47,Amazon,-118.00,0.00,EUR,COMPLETED,486.21
Card Payment,Current,2024-07-22 18:23:09,2024-07-23 12:07:34,Soenmez Markt,-7.48,0.00,EUR,COMPLETED,478.73
Card Payment,Current,2024-07-23 18:57:26,,toneuphub.co,-0.01,0.00,EUR,REVERTED,
Transfer,Current,2024-07-23 20:44:58,2024-07-23 20:47:06,International transfer to Pooja Batham,-110.68,0.33,EUR,COMPLETED,367.72
Card Payment,Current,2024-07-24 10:04:23,2024-07-25 10:47:24,Wevital Apotheke,-10.08,0.00,EUR,COMPLETED,357.64
Card Payment,Current,2024-07-24 10:19:04,2024-07-25 10:51:11,Voi,-2.31,0.00,EUR,COMPLETED,355.33
Card Payment,Current,2024-07-24 10:13:24,2024-07-25 10:51:12,Voi,-1.21,0.00,EUR,COMPLETED,354.12
Card Payment,Current,2024-07-24 10:19:06,2024-07-25 10:51:19,Voi,-1.54,0.00,EUR,COMPLETED,352.58
Deposit,Current,2024-07-26 03:03:32,2024-07-26 03:03:32,Payment from DEEPAK BATHAM,1000.00,0.00,EUR,COMPLETED,1352.58
Card Payment,Current,2024-07-25 19:02:00,2024-07-26 07:04:37,EuroShop,-11.30,0.00,EUR,COMPLETED,1341.28
Card Payment,Current,2024-07-25 19:29:52,2024-07-26 10:57:24,Rewe,-13.81,0.00,EUR,COMPLETED,1327.47
Transfer,Current,2024-07-26 13:22:57,2024-07-26 13:25:03,International transfer to Deepak Batham,-496.82,1.49,EUR,COMPLETED,829.16
Card Payment,Current,2024-07-27 14:14:27,2024-07-28 11:07:14,Lavas Hamburg,-14.00,0.00,EUR,COMPLETED,815.16
Card Payment,Current,2024-07-27 17:22:15,2024-07-28 11:13:43,Decathlon,-133.94,0.00,EUR,COMPLETED,681.22
Card Payment,Current,2024-07-27 13:48:36,2024-07-28 12:02:25,Soft Hair Mk,-12.00,0.00,EUR,COMPLETED,669.22
Card Payment,Current,2024-07-27 13:02:38,2024-07-28 12:02:25,Soft Hair Mk,-49.00,0.00,EUR,COMPLETED,620.22
Card Payment,Current,2024-07-25 14:13:43,2024-07-29 11:23:54,toneuphub.co,-49.00,0.00,EUR,COMPLETED,571.22
Card Payment,Current,2024-07-28 15:38:29,2024-07-29 16:03:53,Moises,-6.99,0.00,EUR,COMPLETED,564.23
Card Payment,Current,2024-07-29 18:23:24,2024-07-30 11:23:25,ALDI,-15.26,0.00,EUR,COMPLETED,548.97
Card Payment,Current,2024-07-29 18:45:05,2024-07-30 13:20:47,TEDi,-10.30,0.00,EUR,COMPLETED,538.67
Card Refund,Current,2024-08-01 02:00:00,2024-08-01 11:10:11,Amazon,83.73,0.00,EUR,COMPLETED,622.40
Transfer,Current,2024-08-01 02:00:00,2024-08-01 12:57:26,To Telefonica Germany GmbH + Co. OHG,-46.98,0.00,EUR,COMPLETED,575.42
Transfer,Current,2024-08-02 02:00:00,2024-08-02 12:43:58,To Feather by Stripe via PPRO,-6.58,0.00,EUR,COMPLETED,568.84
Card Payment,Current,2024-08-01 18:47:06,2024-08-02 13:04:46,ALDI,-11.56,0.00,EUR,COMPLETED,557.28
Card Payment,Current,2024-07-31 16:35:57,2024-08-02 13:45:25,Amazon,-109.42,0.00,EUR,COMPLETED,447.86
Card Payment,Current,2024-08-02 00:56:36,2024-08-02 13:52:47,Apple,-9.99,0.00,EUR,COMPLETED,437.87
Card Payment,Current,2024-08-01 19:03:48,2024-08-02 14:32:04,TEDi,-4.55,0.00,EUR,COMPLETED,433.32
Card Payment,Current,2024-08-01 18:30:22,2024-08-03 12:25:10,Soenmez Markt,-8.17,0.00,EUR,COMPLETED,425.15
Card Payment,Current,2024-08-03 17:36:47,2024-08-05 10:49:55,Amazon,-31.97,0.00,EUR,COMPLETED,393.18
Deposit,Current,2024-08-05 13:53:55,2024-08-05 13:53:56,Payment from DEEPAK BATHAM,300.00,0.00,EUR,COMPLETED,693.18
Transfer,Current,2024-08-06 09:37:34,2024-08-06 09:39:40,International transfer to Deepak Batham,-218.76,0.66,EUR,COMPLETED,473.76
Transfer,Current,2024-08-06 09:38:47,2024-08-06 09:40:54,International transfer to Deepak Batham,-109.40,0.33,EUR,COMPLETED,364.03
Card Payment,Current,2024-08-05 18:27:36,2024-08-06 10:15:44,ALDI,-9.35,0.00,EUR,COMPLETED,354.68
Card Payment,Current,2024-08-09 14:07:56,2024-08-10 16:11:24,Squarespace,-3.12,0.00,EUR,COMPLETED,351.56
Card Payment,Current,2024-08-10 19:20:58,2024-08-12 10:32:53,NEW YORKER,-27.97,0.00,EUR,COMPLETED,323.59
Card Payment,Current,2024-08-10 21:40:48,2024-08-12 10:40:56,Voi,-0.88,0.00,EUR,COMPLETED,322.71
Card Payment,Current,2024-08-10 21:40:46,2024-08-12 10:57:53,Voi,-1.21,0.00,EUR,COMPLETED,321.50
Card Payment,Current,2024-08-10 21:15:02,2024-08-12 15:17:22,Facebook,-1.84,0.02,EUR,COMPLETED,319.64
Card Payment,Current,2024-08-10 07:58:36,2024-08-12 15:17:35,Facebook,-1.84,0.02,EUR,COMPLETED,317.78
Card Payment,Current,2024-08-10 15:35:07,2024-08-12 15:17:45,Facebook,-1.84,0.02,EUR,COMPLETED,315.92
Card Payment,Current,2024-08-11 14:11:11,2024-08-12 16:11:57,Dosa World Indisch Restau,-45.00,0.00,EUR,COMPLETED,270.92
Card Payment,Current,2024-08-12 14:39:44,2024-08-13 10:48:43,Amazon,-39.99,0.00,EUR,COMPLETED,230.93
Card Payment,Current,2024-08-12 18:27:12,2024-08-13 11:30:56,Soenmez Markt,-10.06,0.00,EUR,COMPLETED,220.87
Card Payment,Current,2024-08-12 18:45:54,2024-08-13 13:04:02,ALDI,-14.52,0.00,EUR,COMPLETED,206.35
Card Payment,Current,2024-08-11 21:12:02,2024-08-13 15:04:32,Facebook,-1.84,0.02,EUR,COMPLETED,204.49
Card Payment,Current,2024-08-11 08:02:02,2024-08-13 15:08:00,Facebook,-1.84,0.02,EUR,COMPLETED,202.63
Card Payment,Current,2024-08-11 14:48:08,2024-08-13 15:08:16,Facebook,-1.84,0.02,EUR,COMPLETED,200.77
Card Payment,Current,2024-08-12 08:26:05,2024-08-14 13:03:00,Facebook,-1.84,0.00,EUR,COMPLETED,198.93
Deposit,Current,2024-08-15 12:39:47,2024-08-15 12:39:47,Payment from DEEPAK BATHAM,500.00,0.00,EUR,COMPLETED,698.93
Transfer,Current,2024-08-15 12:45:31,2024-08-15 12:47:38,International transfer to Deepak Batham,-108.66,0.33,EUR,COMPLETED,589.94
Card Payment,Current,2024-08-14 10:33:30,2024-08-15 17:13:37,Amazon,-15.71,0.00,EUR,COMPLETED,574.23
Card Payment,Current,2024-08-16 13:20:24,2024-08-17 12:08:33,City Apotheke Harburg,-32.38,0.00,EUR,COMPLETED,541.85
Card Payment,Current,2024-08-16 13:50:15,2024-08-17 12:11:49,Voi,-1.10,0.00,EUR,COMPLETED,540.75
Card Payment,Current,2024-08-16 13:50:13,2024-08-17 12:11:57,Voi,-2.09,0.00,EUR,COMPLETED,538.66
Fee,Current,2024-08-18 02:40:15,2024-08-18 02:40:15,Premium plan fee,-7.99,0.00,EUR,COMPLETED,530.67
Card Payment,Current,2024-08-17 18:54:57,2024-08-18 14:23:50,Amazon,-6.19,0.06,EUR,COMPLETED,524.42
Card Payment,Current,2024-08-18 16:29:07,2024-08-19 10:41:31,Voi,-3.49,0.00,EUR,COMPLETED,520.93
Card Payment,Current,2024-08-17 17:59:08,2024-08-19 14:41:52,Facebook,-1.82,0.02,EUR,COMPLETED,519.09
Card Payment,Current,2024-08-18 07:39:09,2024-08-19 14:47:30,Facebook,-2.73,0.03,EUR,COMPLETED,516.33
Card Payment,Current,2024-08-19 18:05:17,2024-08-20 10:30:27,Panorama Apotheke Fah,-12.94,0.00,EUR,COMPLETED,503.39
Card Payment,Current,2024-08-19 18:40:56,2024-08-20 10:32:40,ALDI,-14.90,0.00,EUR,COMPLETED,488.49
Card Payment,Current,2024-08-19 19:06:36,2024-08-20 11:57:11,Budni,-19.57,0.00,EUR,COMPLETED,468.92
Card Payment,Current,2024-08-19 19:26:13,2024-08-20 12:51:14,TEDi,-8.00,0.00,EUR,COMPLETED,460.92
Card Payment,Current,2024-08-18 17:33:10,2024-08-20 14:37:10,Facebook,-2.73,0.03,EUR,COMPLETED,458.16
Card Payment,Current,2024-08-19 06:09:11,2024-08-20 14:37:31,Facebook,-2.73,0.00,EUR,COMPLETED,455.43
Deposit,Current,2024-08-21 10:21:42,2024-08-21 10:21:43,Payment from DEEPAK BATHAM,200.00,0.00,EUR,COMPLETED,655.43
Card Payment,Current,2024-08-20 17:29:50,2024-08-21 11:55:49,dm drogerie,-19.75,0.00,EUR,COMPLETED,635.68
Card Payment,Current,2024-08-21 00:11:37,2024-08-21 15:53:53,Squarespace,-5.39,0.00,EUR,COMPLETED,630.29
Deposit,Current,2024-08-22 10:20:48,2024-08-22 10:20:48,Payment from DEEPAK BATHAM,250.00,0.00,EUR,COMPLETED,880.29
Card Payment,Current,2024-08-21 19:34:42,2024-08-22 10:40:12,LycaMobile,-12.49,0.00,EUR,COMPLETED,867.80
Card Payment,Current,2024-08-21 12:22:21,2024-08-22 10:58:19,Uber,-16.10,0.00,EUR,COMPLETED,851.70
Card Payment,Current,2024-08-21 21:30:00,2024-08-22 11:02:25,Booking.com,-152.00,0.00,EUR,COMPLETED,699.70
Card Payment,Current,2024-08-21 23:05:46,2024-08-22 12:06:26,ibis,-63.50,0.00,EUR,COMPLETED,636.20
Deposit,Current,2024-08-23 10:07:48,2024-08-23 10:07:48,Payment from DEEPAK BATHAM,200.00,0.00,EUR,COMPLETED,836.20
Card Payment,Current,2024-08-22 21:34:34,2024-08-23 10:08:40,FREE NOW,-37.80,0.00,EUR,COMPLETED,798.40
Card Payment,Current,2024-08-22 10:38:05,2024-08-23 10:13:33,Kelsterbach,-24.60,0.00,EUR,COMPLETED,773.80
Card Payment,Current,2024-08-22 14:12:02,2024-08-23 10:14:56,MAIN TOWER,-36.00,0.00,EUR,COMPLETED,737.80
Card Payment,Current,2024-08-22 12:57:22,2024-08-23 10:47:32,Hazar Doener,-30.00,0.00,EUR,COMPLETED,707.80
Card Payment,Current,2024-08-22 21:28:49,2024-08-23 11:00:00,dean&david,-15.35,0.00,EUR,COMPLETED,692.45
Card Payment,Current,2024-08-22 15:46:31,2024-08-23 11:53:25,ibis,-24.00,0.00,EUR,COMPLETED,668.45
Card Payment,Current,2024-08-22 22:04:58,2024-08-23 11:53:25,ibis,-158.00,0.00,EUR,COMPLETED,510.45
Card Payment,Current,2024-08-23 15:23:51,2024-08-24 10:46:09,Esso,-24.17,0.00,EUR,COMPLETED,486.28
Deposit,Current,2024-08-25 07:57:37,2024-08-25 07:57:37,Payment from DEEPAK BATHAM,200.00,0.00,EUR,COMPLETED,686.28
Card Payment,Current,2024-08-24 19:06:11,2024-08-25 11:08:59,Eni,-5.87,0.00,EUR,COMPLETED,680.41
Card Payment,Current,2024-08-24 09:16:16,2024-08-25 11:30:13,Shell,-11.50,0.00,EUR,COMPLETED,668.91
Card Payment,Current,2024-08-24 21:22:01,2024-08-25 11:30:17,Shell,-15.52,0.00,EUR,COMPLETED,653.39
Deposit,Current,2024-08-26 09:38:13,2024-08-26 09:38:13,Payment from DEEPAK BATHAM,192.00,0.00,EUR,COMPLETED,845.39
Card Payment,Current,2024-08-25 09:27:23,2024-08-26 10:59:49,Raststätte Samerberg Süd,-9.17,0.00,EUR,COMPLETED,836.22
Card Payment,Current,2024-08-24 13:21:42,2024-08-26 11:08:53,SALZWELTEN,-160.00,0.00,EUR,COMPLETED,676.22
Card Payment,Current,2024-08-24 18:04:54,2024-08-26 11:09:05,Parken in Hallstatt,-10.00,0.00,EUR,COMPLETED,666.22
Card Payment,Current,2024-08-25 20:15:13,2024-08-26 11:48:04,Serways,-1.00,0.00,EUR,COMPLETED,665.22
Card Payment,Current,2024-08-25 20:19:59,2024-08-26 11:48:14,Serways,-18.27,0.00,EUR,COMPLETED,646.95
Card Payment,Current,2024-08-25 14:35:27,2024-08-26 11:58:45,Bollywood Tandoori,-40.20,0.00,EUR,COMPLETED,606.75
Card Payment,Current,2024-08-25 12:04:45,2024-08-26 12:41:53,Innsbruck Info,-236.00,0.00,EUR,COMPLETED,370.75
Card Payment,Current,2024-08-25 17:40:48,2024-08-26 13:06:58,The Naked Indigo,-13.34,0.00,EUR,COMPLETED,357.41
Deposit,Current,2024-08-27 03:16:58,2024-08-27 03:16:58,Payment from DEEPAK BATHAM,1000.00,0.00,EUR,COMPLETED,1357.41
Card Payment,Current,2024-08-26 21:49:37,2024-08-27 10:32:14,Uber,-13.50,0.00,EUR,COMPLETED,1343.91
Card Payment,Current,2024-08-25 09:33:04,2024-08-27 11:43:21,Aral,-32.77,0.00,EUR,COMPLETED,1311.14
Card Payment,Current,2024-08-26 12:13:19,2024-08-27 11:44:11,Rewe,-27.40,0.00,EUR,COMPLETED,1283.74
Card Payment,Current,2024-08-26 09:19:36,2024-08-28 11:27:51,Aral,-10.77,0.00,EUR,COMPLETED,1272.97
Card Payment,Current,2024-08-27 08:56:26,2024-08-28 11:46:34,EDEKA,-3.28,0.00,EUR,COMPLETED,1269.69
Card Payment,Current,2024-08-28 18:37:07,2024-08-29 10:54:09,Woolworth,-5.00,0.00,EUR,COMPLETED,1264.69
Card Payment,Current,2024-08-28 18:20:36,2024-08-29 11:43:20,ALDI,-25.31,0.00,EUR,COMPLETED,1239.38
Card Payment,Current,2024-08-28 13:16:12,2024-08-29 16:08:23,Moises,-6.99,0.00,EUR,COMPLETED,1232.39
Transfer,Current,2024-08-29 17:25:09,2024-08-29 17:27:17,International transfer to Deepak Batham,-108.10,0.00,EUR,COMPLETED,1124.29
Card Payment,Current,2024-08-30 14:23:28,2024-08-31 14:40:20,Anthropic,-21.42,0.00,EUR,COMPLETED,1102.87
Transfer,Current,2024-08-31 17:55:11,2024-08-31 17:55:13,To Deepak Batham Wise,-150.00,0.00,EUR,COMPLETED,952.87
Card Payment,Current,2024-08-31 18:31:47,2024-09-01 11:56:53,dm drogerie,-7.90,0.00,EUR,COMPLETED,944.97
Card Payment,Current,2024-08-30 19:49:49,2024-09-01 13:07:40,Facebook,-2.73,0.00,EUR,COMPLETED,942.24
Card Payment,Current,2024-09-01 12:20:06,2024-09-02 10:40:37,LinkedIn,-11.06,0.00,EUR,COMPLETED,931.18
Card Payment,Current,2024-08-31 18:13:21,2024-09-02 12:22:15,ALDI,-9.34,0.00,EUR,COMPLETED,921.84
Transfer,Current,2024-09-02 02:00:00,2024-09-02 12:50:53,To Telefonica Germany GmbH + Co. OHG,-46.98,0.00,EUR,COMPLETED,874.86
Card Payment,Current,2024-09-02 00:57:21,2024-09-02 13:20:01,Apple,-9.99,0.00,EUR,COMPLETED,864.87
Card Payment,Current,2024-08-31 20:11:44,2024-09-02 13:47:08,Facebook,-4.54,0.05,EUR,COMPLETED,860.28
Card Payment,Current,2024-09-01 15:39:22,2024-09-02 15:02:28,Amazon,-27.09,0.27,EUR,COMPLETED,832.92
Transfer,Current,2024-09-02 19:44:54,2024-09-02 19:47:01,International transfer to Pooja Batham,-129.83,0.39,EUR,COMPLETED,702.70
Transfer,Current,2024-09-02 15:52:14,2024-09-03 02:57:57,To Deepak Batham TR,-10.00,0.00,EUR,COMPLETED,692.70
Transfer,Current,2024-09-03 02:00:00,2024-09-03 12:49:21,To Feather by Stripe via PPRO,-6.58,0.00,EUR,COMPLETED,686.12
Card Payment,Current,2024-09-02 10:19:55,2024-09-03 12:50:12,Voi,-2.53,0.00,EUR,COMPLETED,683.59
Card Payment,Current,2024-09-02 10:19:57,2024-09-03 12:50:14,Voi,-1.54,0.00,EUR,COMPLETED,682.05
Card Payment,Current,2024-09-04 18:47:54,2024-09-05 11:43:41,ALDI,-13.21,0.00,EUR,COMPLETED,668.84
Card Payment,Current,2024-09-04 18:36:35,2024-09-05 12:35:43,Soenmez Markt,-11.95,0.00,EUR,COMPLETED,656.89
Card Payment,Current,2024-09-05 22:26:57,2024-09-06 10:46:59,Voi,-0.66,0.00,EUR,COMPLETED,656.23
Card Payment,Current,2024-09-06 12:22:43,2024-09-07 11:16:40,Amazon,-43.97,0.00,EUR,COMPLETED,612.26
Card Payment,Current,2024-09-07 19:18:45,2024-09-09 15:03:49,Facebook,-4.53,0.05,EUR,COMPLETED,607.68
Deposit,Current,2024-09-10 03:02:22,2024-09-10 03:02:23,Payment from DB VERTRIEB GMBH,155.00,0.00,EUR,COMPLETED,762.68
Deposit,Current,2024-09-10 03:02:23,2024-09-10 03:02:57,Payment from DB VERTRIEB GMBH,30.00,0.00,EUR,COMPLETED,792.68
Card Payment,Current,2024-09-09 18:39:05,2024-09-10 11:34:38,Çaglar Bäckerei,-2.73,0.00,EUR,COMPLETED,789.95
Card Payment,Current,2024-09-09 18:37:12,2024-09-10 11:34:41,Soenmez Markt,-4.86,0.00,EUR,COMPLETED,785.09
Card Payment,Current,2024-09-09 17:58:53,2024-09-10 12:18:02,ALDI,-12.11,0.00,EUR,COMPLETED,772.98
Card Payment,Current,2024-09-09 06:14:53,2024-09-10 14:40:14,Facebook,-4.73,0.00,EUR,COMPLETED,768.25
Card Payment,Current,2024-09-09 14:07:31,2024-09-10 16:02:39,Squarespace,-2.99,0.00,EUR,COMPLETED,765.26
Card Payment,Current,2024-09-13 19:00:21,2024-09-14 10:20:15,Arcaden Apotheke OHG,-11.99,0.00,EUR,COMPLETED,753.27
Card Payment,Current,2024-09-13 18:19:41,2024-09-14 10:20:47,ALDI,-16.36,0.00,EUR,COMPLETED,736.91
Card Payment,Current,2024-09-15 19:52:27,2024-09-17 14:46:34,Facebook,-6.34,0.06,EUR,COMPLETED,730.51
Fee,Current,2024-09-18 02:55:23,2024-09-18 02:55:23,Premium plan fee,-7.99,0.00,EUR,COMPLETED,722.52
Card Payment,Current,2024-09-17 05:13:52,2024-09-18 10:32:22,Voi,-2.20,0.00,EUR,COMPLETED,720.32
Card Payment,Current,2024-09-17 22:12:48,2024-09-18 10:35:51,Voi,-1.54,0.00,EUR,COMPLETED,718.78
Card Payment,Current,2024-09-18 14:39:36,2024-09-19 12:12:22,Voi,-3.49,0.00,EUR,COMPLETED,715.29
Card Payment,Current,2024-09-20 19:20:43,2024-09-21 10:56:50,ALDI,-14.65,0.00,EUR,COMPLETED,700.64
Card Payment,Current,2024-09-20 19:33:47,2024-09-21 12:34:56,Woolworth,-20.50,0.00,EUR,COMPLETED,680.14
Card Payment,Current,2024-09-20 18:55:43,2024-09-21 12:35:47,Indian Bazaar,-12.48,0.00,EUR,COMPLETED,667.66
Card Payment,Current,2024-09-21 19:32:21,2024-09-23 10:11:42,Woolworth,-27.00,0.00,EUR,COMPLETED,640.66
Card Payment,Current,2024-09-21 18:59:29,2024-09-23 10:12:35,TEDi,-6.55,0.00,EUR,COMPLETED,634.11
Card Payment,Current,2024-09-21 18:22:30,2024-09-23 11:48:38,ALDI,-8.67,0.00,EUR,COMPLETED,625.44
Card Payment,Current,2024-09-22 23:19:39,2024-09-23 15:42:47,Google,-4.50,0.04,EUR,COMPLETED,620.90
Transfer,Current,2024-09-23 16:11:59,2024-09-23 16:14:09,International transfer to Deepak Batham,-108.08,0.00,EUR,COMPLETED,512.82
Transfer,Current,2024-09-24 15:59:40,2024-09-25 02:55:37,To Deepak Batham TR,-100.00,0.00,EUR,COMPLETED,412.82
Deposit,Current,2024-09-25 03:09:37,2024-09-25 03:09:38,Payment from DEEPAK BATHAM,1000.00,0.00,EUR,COMPLETED,1412.82
Card Payment,Current,2024-09-25 18:49:59,2024-09-26 11:05:01,Woolworth,-6.50,0.00,EUR,COMPLETED,1406.32
Card Payment,Current,2024-09-25 18:24:49,2024-09-26 11:45:01,ALDI,-11.02,0.00,EUR,COMPLETED,1395.30
Card Payment,Current,2024-09-28 16:34:15,2024-09-29 09:54:28,Starbucks,-13.30,0.00,EUR,COMPLETED,1382.00
Card Payment,Current,2024-09-28 16:24:31,2024-09-29 11:09:55,H&M,-35.98,0.00,EUR,COMPLETED,1346.02
Card Payment,Current,2024-09-28 12:40:05,2024-09-29 14:31:25,Moises,-6.99,0.00,EUR,COMPLETED,1339.03
Card Payment,Current,2024-09-28 18:34:39,2024-09-30 11:37:12,NEW YORKER,-76.94,0.00,EUR,COMPLETED,1262.09
Card Payment,Current,2024-09-28 19:43:01,2024-09-30 11:58:22,Voi,-1.54,0.00,EUR,COMPLETED,1260.55
Card Payment,Current,2024-09-28 19:42:59,2024-09-30 12:15:30,Voi,-2.31,0.00,EUR,COMPLETED,1258.24
Transfer,Current,2024-10-01 09:53:53,2024-10-01 09:56:00,International transfer to Pooja Batham,-140.13,0.42,EUR,COMPLETED,1117.69
Card Payment,Current,2024-09-30 10:38:13,2024-10-01 11:56:54,Soenmez Markt,-10.28,0.00,EUR,COMPLETED,1107.41
Card Payment,Current,2024-09-30 15:24:24,2024-10-01 16:33:16,Anthropic,-21.42,0.00,EUR,COMPLETED,1085.99
Card Payment,Current,2024-10-01 12:20:15,2024-10-02 10:19:56,LinkedIn,-11.06,0.00,EUR,COMPLETED,1074.93
Card Payment,Current,2024-10-02 00:55:52,2024-10-02 12:08:41,Apple,-9.99,0.00,EUR,COMPLETED,1064.94
Transfer,Current,2024-10-02 02:00:00,2024-10-02 12:46:29,To Telefonica Germany GmbH + Co. OHG,-46.98,0.00,EUR,COMPLETED,1017.96
Transfer,Current,2024-10-02 02:00:00,2024-10-02 12:51:34,To Feather by Stripe via PPRO,-6.58,0.00,EUR,COMPLETED,1011.38
Card Payment,Current,2024-10-02 18:39:02,2024-10-03 12:07:21,ALDI,-18.99,0.00,EUR,COMPLETED,992.39
Card Payment,Current,2024-10-05 21:36:59,2024-10-07 11:04:02,Voi,-2.97,0.00,EUR,COMPLETED,989.42
Card Payment,Current,2024-10-05 21:37:01,2024-10-07 11:04:04,Voi,-2.42,0.00,EUR,COMPLETED,987.00
Card Payment,Current,2024-10-05 10:43:28,2024-10-07 11:43:02,Amazon,-18.99,0.00,EUR,COMPLETED,968.01
Card Payment,Current,2024-10-06 03:11:02,2024-10-07 13:29:02,Facebook,-9.15,0.09,EUR,COMPLETED,958.77
Transfer,Current,2024-10-08 11:25:59,2024-10-08 11:28:07,International transfer to Deepak Batham,-402.74,1.21,EUR,COMPLETED,554.82
Card Payment,Current,2024-10-07 19:18:09,2024-10-08 12:40:30,Smyths Toys Superstores,-26.99,0.00,EUR,COMPLETED,527.83
Card Payment,Current,2024-10-07 20:38:37,2024-10-08 12:45:31,Voi,-1.32,0.00,EUR,COMPLETED,526.51
Card Payment,Current,2024-10-07 20:21:12,2024-10-08 12:45:35,Lidl,-12.88,0.00,EUR,COMPLETED,513.63
Card Payment,Current,2024-10-07 20:38:39,2024-10-08 12:52:17,Voi,-1.87,0.00,EUR,COMPLETED,511.76
Card Payment,Current,2024-10-07 19:43:28,2024-10-08 13:00:36,Deichmann,-19.98,0.00,EUR,COMPLETED,491.78
Card Payment,Current,2024-10-08 18:03:17,2024-10-09 15:49:54,YouTube,-0.65,0.00,EUR,COMPLETED,491.13
Card Payment,Current,2024-10-08 19:15:14,2024-10-09 15:55:33,Amazon,-5.62,0.00,EUR,COMPLETED,485.51
Card Payment,Current,2024-10-08 23:33:05,2024-10-10 10:08:29,Amazon,-4.79,0.00,EUR,COMPLETED,480.72
Card Payment,Current,2024-10-08 21:44:00,2024-10-10 10:08:32,Amazon,-58.90,0.00,EUR,COMPLETED,421.82
Card Payment,Current,2024-10-09 22:28:44,2024-10-10 12:00:45,Voi,-1.32,0.00,EUR,COMPLETED,420.50
Card Payment,Current,2024-10-09 22:28:42,2024-10-10 12:01:39,Voi,-2.31,0.00,EUR,COMPLETED,418.19
Card Payment,Current,2024-10-09 06:45:10,2024-10-10 15:03:54,Facebook,-3.58,0.00,EUR,COMPLETED,414.61
Card Payment,Current,2024-10-09 14:10:39,2024-10-10 16:12:29,Squarespace,-3.02,0.00,EUR,COMPLETED,411.59
Card Payment,Current,2024-10-09 23:31:07,2024-10-11 12:15:21,Amazon,-26.99,0.00,EUR,COMPLETED,384.60
Card Payment,Current,2024-10-11 18:04:30,2024-10-12 10:15:14,Soenmez Markt,-10.16,0.00,EUR,COMPLETED,374.44
Card Payment,Current,2024-10-11 19:06:46,2024-10-12 12:28:42,dm drogerie,-14.55,0.00,EUR,COMPLETED,359.89
Card Payment,Current,2024-10-11 18:24:23,2024-10-12 12:42:25,ALDI,-12.25,0.00,EUR,COMPLETED,347.64
Transfer,Current,2024-10-12 13:28:14,2024-10-12 13:30:21,International transfer to Deepak Batham,-109.19,1.42,EUR,COMPLETED,237.03
Card Payment,Current,2024-10-12 22:55:40,2024-10-14 10:29:38,Amazon,-21.19,0.00,EUR,COMPLETED,215.84
Deposit,Current,2024-10-14 10:39:58,2024-10-14 10:39:59,Payment from DEEPAK BATHAM,110.00,0.00,EUR,COMPLETED,325.84
Card Payment,Current,2024-10-08 22:52:54,2024-10-14 11:38:36,Amazon,-56.96,0.00,EUR,COMPLETED,268.88
Card Payment,Current,2024-10-13 16:31:21,2024-10-14 13:12:40,Voi,-1.10,0.00,EUR,COMPLETED,267.78
Card Payment,Current,2024-10-15 18:57:22,2024-10-16 10:03:47,ALDI,-13.30,0.00,EUR,COMPLETED,254.48
Card Payment,Current,2024-10-15 19:18:40,2024-10-16 11:26:33,Woolworth,-6.75,0.00,EUR,COMPLETED,247.73
Fee,Current,2024-10-18 03:19:52,2024-10-18 03:19:52,Premium plan fee,-7.99,0.00,EUR,COMPLETED,239.74
Card Payment,Current,2024-10-17 19:31:30,2024-10-18 10:47:58,C&A,-15.99,0.00,EUR,COMPLETED,223.75
Card Payment,Current,2024-10-17 19:58:01,2024-10-18 11:54:01,Lovisa,-18.00,0.00,EUR,COMPLETED,205.75
Card Payment,Current,2024-10-17 18:40:56,2024-10-18 11:59:37,Esprit,-29.99,0.00,EUR,COMPLETED,175.76
Card Payment,Current,2024-10-16 09:46:58,2024-10-19 10:57:01,Amazon,-13.99,0.00,EUR,COMPLETED,161.77
Card Payment,Current,2024-10-18 14:10:59,2024-10-19 11:30:03,Voi,-3.49,0.00,EUR,COMPLETED,158.28
Card Payment,Current,2024-10-19 18:25:15,2024-10-20 11:48:18,ALDI,-14.45,0.00,EUR,COMPLETED,143.83
Card Payment,Current,2024-10-20 17:32:14,2024-10-21 15:27:03,Payup Bookmy,-50.43,0.00,EUR,COMPLETED,93.40
Transfer,Current,2024-10-21 16:18:49,2024-10-21 16:20:57,International transfer to Deepak Batham,-55.08,0.00,EUR,COMPLETED,38.32
Deposit,Current,2024-10-22 03:04:23,2024-10-22 03:04:23,Payment from DEEPAK BATHAM,100.00,0.00,EUR,COMPLETED,138.32
Card Refund,Current,2024-10-25 02:00:00,2024-10-25 10:15:35,Amazon,21.19,0.00,EUR,COMPLETED,159.51
Card Payment,Current,2024-10-24 18:37:39,2024-10-25 12:05:50,Soenmez Markt,-9.24,0.00,EUR,COMPLETED,150.27
Card Payment,Current,2024-10-26 20:09:10,2024-10-27 12:13:58,Yokosuhsi Harburg�hotm,-9.60,0.00,EUR,COMPLETED,140.67
Deposit,Current,2024-10-28 02:58:24,2024-10-28 02:58:24,Payment from DEEPAK BATHAM,1000.00,0.00,EUR,COMPLETED,1140.67
Transfer,Current,2024-10-29 11:22:22,2024-10-29 11:24:29,International transfer to Deepak Batham,-220.92,0.66,EUR,COMPLETED,919.09
Card Payment,Current,2024-10-28 11:38:19,2024-10-29 14:58:38,Moises,-6.99,0.00,EUR,COMPLETED,912.10
Card Payment,Current,2024-10-30 18:42:56,2024-10-31 10:40:03,dm drogerie,-20.80,0.00,EUR,COMPLETED,891.30
Card Payment,Current,2024-10-30 18:16:27,2024-10-31 11:15:26,ALDI,-20.52,0.00,EUR,COMPLETED,870.78
Transfer,Current,2024-10-31 01:00:00,2024-10-31 12:41:05,To Telefonica Germany GmbH + Co. OHG,-46.98,0.00,EUR,COMPLETED,823.80
Card Payment,Current,2024-10-31 16:38:15,2024-11-01 14:10:28,Perplexity,-22.02,0.00,EUR,COMPLETED,801.78
Card Payment,Current,2024-11-02 16:02:18,2024-11-03 09:58:12,Maheshdudam,-50.00,0.00,EUR,COMPLETED,751.78
Card Payment,Current,2024-11-01 23:56:01,2024-11-03 10:18:46,Apple,-9.99,0.00,EUR,COMPLETED,741.79
Transfer,Current,2024-11-04 01:00:00,2024-11-04 12:50:52,To Feather by Stripe via PPRO,-6.58,0.00,EUR,COMPLETED,735.21
Card Payment,Current,2024-11-05 17:02:44,2024-11-06 11:26:33,ALDI,-14.90,0.00,EUR,COMPLETED,720.31
Transfer,Current,2024-11-07 12:42:15,2024-11-07 12:44:22,International transfer to Deepak Batham,-387.30,1.16,EUR,COMPLETED,331.85
Card Payment,Current,2024-11-08 16:58:54,2024-11-09 16:46:44,YouTube,-0.66,0.00,EUR,COMPLETED,331.19
Card Payment,Current,2024-11-09 21:42:17,2024-11-10 12:11:16,Voi,-1.32,0.00,EUR,COMPLETED,329.87
Card Payment,Current,2024-11-09 21:42:16,2024-11-10 12:11:24,Voi,-2.31,0.00,EUR,COMPLETED,327.56
Card Payment,Current,2024-11-09 11:09:56,2024-11-10 16:12:24,Squarespace,-7.86,0.08,EUR,COMPLETED,319.62
Card Payment,Current,2024-11-11 15:46:50,2024-11-12 12:27:47,ALDI,-13.66,0.00,EUR,COMPLETED,305.96
Card Payment,Current,2024-11-13 17:54:32,2024-11-14 11:43:10,Soenmez Markt,-9.02,0.00,EUR,COMPLETED,296.94
Card Payment,Current,2024-11-16 16:11:23,2024-11-17 12:13:08,H&M,-58.21,0.00,EUR,COMPLETED,238.73
Card Payment,Current,2024-11-16 19:51:35,2024-11-17 13:22:47,Voi,-2.53,0.00,EUR,COMPLETED,236.20
Card Payment,Current,2024-11-16 19:51:37,2024-11-17 13:23:19,Voi,-1.76,0.00,EUR,COMPLETED,234.44
Fee,Current,2024-11-18 02:16:01,2024-11-18 02:16:01,Premium plan fee,-7.99,0.00,EUR,COMPLETED,226.45
Transfer,Current,2024-11-19 09:36:35,2024-11-19 09:38:42,International transfer to Deepak Batham,-168.59,0.00,EUR,COMPLETED,57.86
Deposit,Current,2024-11-19 10:34:27,2024-11-19 10:34:28,Payment from DEEPAK BATHAM,150.00,0.00,EUR,COMPLETED,207.86
Card Payment,Current,2024-11-18 12:40:12,2024-11-19 10:34:45,Voi,-3.49,0.00,EUR,COMPLETED,204.37
Card Payment,Current,2024-11-17 18:13:02,2024-11-19 13:18:48,Meta Pay,-10.48,0.10,EUR,COMPLETED,193.79
Card Payment,Current,2024-11-19 19:44:34,2024-11-20 14:30:26,ALDI,-8.07,0.00,EUR,COMPLETED,185.72
Card Payment,Current,2024-11-19 19:34:51,2024-11-20 14:58:34,Soenmez Markt,-9.71,0.00,EUR,COMPLETED,176.01
Card Payment,Current,2024-11-21 20:19:53,2024-11-22 06:51:03,Voi De,-4.95,0.00,EUR,COMPLETED,171.06
Deposit,Current,2024-11-22 08:51:42,2024-11-22 08:51:42,Payment from DEEPAK BATHAM,500.00,0.00,EUR,COMPLETED,671.06
Card Payment,Current,2024-11-21 16:03:57,2024-11-22 15:44:47,Douglas,-13.99,0.00,EUR,COMPLETED,657.07
Card Payment,Current,2024-11-23 17:37:55,2024-11-24 04:53:16,Jack & Jones,-27.99,0.00,EUR,COMPLETED,629.08
Card Payment,Current,2024-11-23 16:58:41,2024-11-24 04:56:02,Fossil,-28.00,0.00,EUR,COMPLETED,601.08
Card Payment,Current,2024-11-23 16:37:35,2024-11-24 04:56:11,Rituals,-78.00,0.00,EUR,COMPLETED,523.08
Card Payment,Current,2024-11-23 20:47:52,2024-11-24 06:54:27,Voi De,-1.87,0.00,EUR,COMPLETED,521.21
Card Payment,Current,2024-11-23 20:47:54,2024-11-24 06:54:32,Voi De,-0.88,0.00,EUR,COMPLETED,520.33
Card Payment,Current,2024-11-23 20:04:23,2024-11-24 10:36:58,ALDI,-7.18,0.00,EUR,COMPLETED,513.15
Card Payment,Current,2024-11-23 23:35:36,2024-11-25 13:00:40,Amazon,-27.07,0.00,EUR,COMPLETED,486.08
Deposit,Current,2024-11-25 15:19:28,2024-11-25 15:19:29,Payment from DEEPAK BATHAM,500.00,0.00,EUR,COMPLETED,986.08
Transfer,Current,2024-11-25 15:38:06,2024-11-25 15:40:14,International transfer to Deepak Batham,-453.33,1.36,EUR,COMPLETED,531.39
Card Payment,Current,2024-11-26 17:54:38,2024-11-27 06:56:33,dm drogerie,-14.65,0.00,EUR,COMPLETED,516.74
Card Payment,Current,2024-11-28 11:23:38,2024-11-29 15:00:38,Moises,-6.99,0.00,EUR,COMPLETED,509.75
Card Payment,Current,2024-11-29 21:08:29,2024-11-30 13:21:36,Voi De,-1.54,0.00,EUR,COMPLETED,508.21
Card Payment,Current,2024-11-29 21:08:31,2024-11-30 13:21:39,Voi De,-2.53,0.00,EUR,COMPLETED,505.68
Card Payment,Current,2024-11-29 19:04:59,2024-11-30 13:59:49,Douglas,-35.03,0.00,EUR,COMPLETED,470.65
Card Payment,Current,2024-11-30 17:39:53,2024-12-01 17:21:42,Perplexity,-22.57,0.23,EUR,COMPLETED,447.85
Transfer,Current,2024-12-02 01:00:00,2024-12-02 12:47:36,To Telefonica Germany GmbH + Co. OHG,-46.98,0.00,EUR,COMPLETED,400.87
Transfer,Current,2024-12-03 01:00:00,2024-12-03 13:04:41,To Feather by Stripe via PPRO,-6.58,0.00,EUR,COMPLETED,394.29
Card Payment,Current,2024-12-02 00:56:12,2024-12-03 13:20:25,Apple,-9.99,0.00,EUR,COMPLETED,384.30
Card Payment,Current,2024-12-04 18:52:02,2024-12-05 10:05:38,C&A,-15.98,0.00,EUR,COMPLETED,368.32
Card Payment,Current,2024-12-04 19:20:01,2024-12-05 10:07:00,Deichmann,-20.98,0.00,EUR,COMPLETED,347.34
Card Payment,Current,2024-12-04 19:34:08,2024-12-05 10:29:27,ALDI,-12.62,0.00,EUR,COMPLETED,334.72
Card Payment,Current,2024-12-07 19:30:46,2024-12-08 07:08:55,Starbucks,-11.20,0.00,EUR,COMPLETED,323.52
Card Payment,Current,2024-12-07 18:59:33,2024-12-08 14:07:06,s.Oliver,-21.19,0.00,EUR,COMPLETED,302.33
Card Payment,Current,2024-12-07 18:41:44,2024-12-09 14:42:07,Meta Pay,-10.45,0.10,EUR,COMPLETED,291.78
Card Payment,Current,2024-12-08 16:58:06,2024-12-09 16:14:56,YouTube,-0.67,0.01,EUR,COMPLETED,291.10
Card Payment,Current,2024-12-09 19:04:37,2024-12-10 06:59:36,dm drogerie,-9.95,0.00,EUR,COMPLETED,281.15
Card Payment,Current,2024-12-09 09:43:37,2024-12-10 12:36:09,Zalando Payments,-67.24,0.00,EUR,COMPLETED,213.91
Card Payment,Current,2024-12-09 06:17:12,2024-12-10 15:08:18,Meta Pay,-4.03,0.00,EUR,COMPLETED,209.88
Card Payment,Current,2024-12-09 13:08:49,2024-12-10 17:16:01,Squarespace,-7.94,0.00,EUR,COMPLETED,201.94
Deposit,Current,2024-12-11 12:07:19,2024-12-11 12:07:19,Payment from DEEPAK BATHAM,1000.00,0.00,EUR,COMPLETED,1201.94
Transfer,Current,2024-12-13 00:16:52,2024-12-13 00:18:59,International transfer to Deepak Batham,-1005.40,3.02,EUR,COMPLETED,193.52
Card Payment,Current,2024-12-12 06:10:51,2024-12-13 10:36:19,Fms Systems,-64.50,0.00,EUR,COMPLETED,129.02
Card Payment,Current,2024-12-12 15:03:27,2024-12-16 04:37:24,Qatar Duty Free - QDF,-2.37,0.00,EUR,COMPLETED,126.65
Card Payment,Current,2024-12-12 15:12:09,2024-12-16 04:37:38,Qatar Duty Free - QDF,-15.76,0.00,EUR,COMPLETED,110.89
Fee,Current,2024-12-18 01:56:14,2024-12-18 01:56:14,Premium plan fee,-7.99,0.00,EUR,COMPLETED,102.90
Deposit,Current,2024-12-25 06:45:20,2024-12-25 06:45:20,Payment from DEEPAK BATHAM,500.00,0.00,EUR,COMPLETED,602.90
Transfer,Current,2024-12-27 06:57:06,2024-12-27 06:57:08,To Deepak Batham TR,-100.00,0.00,EUR,COMPLETED,502.90
Card Payment,Current,2024-12-28 12:31:34,2024-12-29 14:33:42,Moises,-6.99,0.00,EUR,COMPLETED,495.91
Transfer,Current,2024-12-31 05:47:05,2024-12-31 05:49:11,International transfer to Deepak Batham,-282.03,0.00,EUR,COMPLETED,213.88
Card Payment,Current,2024-12-31 17:39:49,2025-01-01 16:08:44,Perplexity,-23.10,0.00,EUR,COMPLETED,190.78
Deposit,Current,2025-01-02 03:05:32,2025-01-02 03:05:33,Payment from DEEPAK BATHAM,800.00,0.00,EUR,COMPLETED,990.78
Transfer,Current,2025-01-02 06:28:43,2025-01-02 06:30:50,International transfer to Deepak Batham,-350.52,1.05,EUR,COMPLETED,639.21
Card Payment,Current,2025-01-02 00:57:50,2025-01-02 11:24:33,Apple,-9.99,0.00,EUR,COMPLETED,629.22
Transfer,Current,2025-01-03 01:00:00,2025-01-03 12:48:27,To Feather by Stripe via PPRO,-6.58,0.00,EUR,COMPLETED,622.64
Transfer,Current,2025-01-07 01:00:00,2025-01-07 12:54:17,To Telefonica Germany GmbH + Co. OHG,-46.98,0.00,EUR,COMPLETED,575.66
Card Payment,Current,2025-01-08 16:58:09,2025-01-09 15:10:51,YouTube,-0.67,0.00,EUR,COMPLETED,574.99
Transfer,Current,2025-01-10 07:36:56,2025-01-10 07:39:02,International transfer to Deepak Batham,-454.71,1.36,EUR,COMPLETED,118.92
Card Payment,Current,2025-01-09 13:08:42,2025-01-10 19:14:43,Squarespace,-8.05,0.00,EUR,COMPLETED,110.87
Deposit,Current,2025-01-11 11:13:44,2025-01-11 11:13:45,Payment from DEEPAK BATHAM,500.00,0.00,EUR,COMPLETED,610.87
Transfer,Current,2025-01-15 07:30:18,2025-01-15 07:32:27,International transfer to Deepak Batham,-394.88,1.18,EUR,COMPLETED,214.81
Deposit,Current,2025-01-17 19:52:22,2025-01-17 19:52:22,Payment from DEEPAK BATHAM,300.00,0.00,EUR,COMPLETED,514.81
Transfer,Current,2025-01-17 19:52:55,2025-01-17 19:55:01,International transfer to Deepak Batham,-338.52,1.02,EUR,COMPLETED,175.27
Fee,Current,2025-01-18 02:16:51,2025-01-18 02:16:51,Premium plan fee,-7.99,0.00,EUR,COMPLETED,167.28
Deposit,Current,2025-01-21 16:36:14,2025-01-21 16:36:15,Payment from DEEPAK BATHAM,210.00,0.00,EUR,COMPLETED,377.28
Transfer,Current,2025-01-21 16:37:26,2025-01-21 16:39:32,International transfer to Deepak Batham,-223.21,0.00,EUR,COMPLETED,154.07
Card Payment,Current,2025-01-25 20:41:37,2025-01-26 05:08:15,Autogrill,-9.37,0.09,EUR,COMPLETED,144.61
Card Payment,Current,2025-01-25 21:54:02,2025-01-26 07:27:38,SSP Emirates,-18.99,0.19,EUR,COMPLETED,125.43
Card Payment,Current,2025-01-26 08:32:51,2025-01-27 15:46:37,YouTube,-3.33,0.03,EUR,COMPLETED,122.07
Deposit,Current,2025-01-28 03:04:59,2025-01-28 03:04:59,Payment from DEEPAK BATHAM,1000.00,0.00,EUR,COMPLETED,1122.07
Transfer,Current,2025-01-28 20:40:57,2025-01-28 20:40:57,Revolut Bank UAB Zweigniederlassung Deutschland,-0.01,0.00,EUR,COMPLETED,1122.06
Transfer,Current,2025-01-28 20:40:57,2025-01-28 20:40:57,Revolut Bank UAB Zweigniederlassung Deutschland,0.01,0.00,EUR,COMPLETED,1122.07
Transfer,Current,2025-01-28 21:52:27,2025-01-28 21:52:27,Balance migration to another region or legal entity,-1115.08,0.00,EUR,COMPLETED,6.99
Transfer,Current,2025-01-28 21:52:27,2025-01-28 21:52:27,Balance migration to another region or legal entity,1115.08,0.00,EUR,COMPLETED,1122.07
Card Payment,Current,2025-01-28 12:38:14,2025-01-29 15:13:16,Moises,-6.99,0.00,EUR,COMPLETED,1115.08
Transfer,Current,2025-01-31 01:00:00,2025-01-31 12:43:36,To Telefonica Germany GmbH + Co. OHG,-46.98,0.00,EUR,COMPLETED,1068.10
Card Payment,Current,2025-01-31 10:51:24,2025-02-01 14:00:08,Etraveli,-80.65,0.00,EUR,COMPLETED,987.45
Card Payment,Current,2025-01-31 17:38:43,2025-02-01 15:03:39,Perplexity,-22.99,0.00,EUR,COMPLETED,964.46
Card Payment,Current,2025-02-02 00:55:51,2025-02-02 11:36:57,Apple,-9.99,0.00,EUR,COMPLETED,954.47
Card Payment,Current,2025-02-02 20:07:06,2025-02-03 14:56:17,Pharmacie,-4.99,0.00,EUR,COMPLETED,949.48
Card Payment,Current,2025-02-02 16:08:13,2025-02-03 17:01:23,Kame,-6.00,0.00,EUR,COMPLETED,943.48
Transfer,Current,2025-02-04 01:00:00,2025-02-04 12:57:39,To Feather by Stripe via PPRO,-6.58,0.00,EUR,COMPLETED,936.90
Card Payment,Current,2025-02-03 19:55:43,2025-02-04 13:11:20,P0166,-25.80,0.00,EUR,COMPLETED,911.10
Card Payment,Current,2025-02-04 19:11:18,2025-02-05 11:42:24,Air De Paris,-6.99,0.00,EUR,COMPLETED,904.11
Card Payment,Current,2025-02-05 00:13:06,2025-02-05 12:02:31,Hansa-Taxi,-9.70,0.00,EUR,COMPLETED,894.41
Card Payment,Current,2025-02-04 23:57:13,2025-02-05 12:03:17,WunderDöner,-15.00,0.00,EUR,COMPLETED,879.41
Card Payment,Current,2025-02-04 17:08:21,2025-02-05 12:54:35,G7,-64.80,0.00,EUR,COMPLETED,814.61
Transfer,Current,2025-02-05 01:00:00,2025-02-05 13:00:33,To DB Vertrieb GmbH,-58.00,0.00,EUR,COMPLETED,756.61
Card Payment,Current,2025-02-04 11:04:58,2025-02-05 15:32:28,Pharmacie,-4.99,0.00,EUR,COMPLETED,751.62
Transfer,Current,2025-02-05 17:24:15,2025-02-05 17:26:22,International transfer to Deepak Batham,-551.76,0.66,EUR,COMPLETED,199.20
Card Payment,Current,2025-02-04 13:05:48,2025-02-06 06:28:37,Oeuvre Voeu Nat,-10.00,0.00,EUR,COMPLETED,189.20
Card Payment,Current,2025-02-05 18:36:46,2025-02-06 11:35:38,ALDI,-11.34,0.00,EUR,COMPLETED,177.86
Card Payment,Current,2025-02-06 17:51:08,2025-02-07 16:29:35,Google One,-7.19,0.00,EUR,COMPLETED,170.67
Card Payment,Current,2025-02-05 21:58:36,2025-02-07 16:33:18,Google Cloud,-0.03,0.00,EUR,COMPLETED,170.64
Card Payment,Current,2025-02-08 18:48:27,2025-02-09 12:28:12,Soenmez Markt,-11.57,0.00,EUR,COMPLETED,159.07
Card Payment,Current,2025-02-08 17:03:04,2025-02-09 14:09:35,YouTube,-0.66,0.01,EUR,COMPLETED,158.40
Card Payment,Current,2025-02-09 13:08:19,2025-02-10 14:22:38,Squarespace,-7.86,0.08,EUR,COMPLETED,150.46
Card Payment,Current,2025-02-10 17:27:19,2025-02-11 16:48:24,Claude.ai,-21.42,0.00,EUR,COMPLETED,129.04
Card Refund,Current,2025-02-14 01:00:00,2025-02-14 16:22:50,Google Cloud,0.03,0.00,EUR,COMPLETED,129.07
Deposit,Current,2025-02-17 03:03:24,2025-02-17 03:03:24,Payment from DEEPAK BATHAM,400.00,0.00,EUR,COMPLETED,529.07
Transfer,Current,2025-02-17 08:13:55,2025-02-17 08:16:00,International transfer to Deepak Batham,-330.86,0.40,EUR,COMPLETED,197.81
Fee,Current,2025-02-18 01:10:43,2025-02-18 01:10:43,Premium plan fee,-7.99,0.00,EUR,COMPLETED,189.82
Card Payment,Current,2025-02-19 17:57:00,2025-02-20 06:11:24,Blume2000.de,-4.99,0.00,EUR,COMPLETED,184.83
Deposit,Current,2025-02-24 13:33:35,2025-02-24 13:33:35,Payment from DEEPAK BATHAM,193.00,0.00,EUR,COMPLETED,377.83
Deposit,Current,2025-02-25 03:05:18,2025-02-25 03:05:19,Payment from DEEPAK BATHAM,1000.00,0.00,EUR,COMPLETED,1377.83
Transfer,Current,2025-02-25 09:06:34,2025-02-25 09:53:56,International transfer to Deepak Batham,-989.40,1.19,EUR,COMPLETED,387.24
Card Payment,Current,2025-02-26 09:04:16,2025-02-27 16:00:28,YouTube,-3.29,0.00,EUR,COMPLETED,383.95
Card Payment,Current,2025-02-27 09:08:09,2025-02-27 16:16:50,Claude.ai,-5.71,0.00,EUR,COMPLETED,378.24
Card Payment,Current,2025-03-02 00:55:57,2025-03-02 10:48:42,Apple,-9.99,0.00,EUR,COMPLETED,368.25
Card Payment,Current,2025-03-02 13:51:19,2025-03-03 11:55:29,eBay,-12.00,0.00,EUR,COMPLETED,356.25
Transfer,Current,2025-03-04 01:00:00,2025-03-04 12:44:20,To Telefonica Germany GmbH + Co. OHG,-46.98,0.00,EUR,COMPLETED,309.27
Transfer,Current,2025-03-04 01:00:00,2025-03-04 12:55:38,To Feather by Stripe via PPRO,-6.58,0.00,EUR,COMPLETED,302.69
Deposit,Current,2025-03-06 03:06:57,2025-03-06 03:06:57,Payment from DEEPAK BATHAM,400.00,0.00,EUR,COMPLETED,702.69
Transfer,Current,2025-03-06 10:57:45,2025-03-06 10:59:51,International transfer to Deepak Batham,-427.00,0.51,EUR,COMPLETED,275.18
Card Payment,Current,2025-03-09 13:37:48,2025-03-10 16:21:41,Squarespace,-7.53,0.08,EUR,COMPLETED,267.57
Card Payment,Current,2025-03-10 18:28:54,2025-03-11 15:57:34,Claude.ai,-21.42,0.00,EUR,COMPLETED,246.15
Card Payment,Current,2025-03-12 19:05:27,2025-03-13 09:51:20,NEW YORKER,-19.97,0.00,EUR,COMPLETED,226.18
Card Payment,Current,2025-03-14 19:14:25,2025-03-15 11:21:04,Lidl,-8.56,0.00,EUR,COMPLETED,217.62
Card Payment,Current,2025-03-14 18:17:12,2025-03-15 11:27:39,ALDI,-13.41,0.00,EUR,COMPLETED,204.21
Card Payment,Current,2025-03-15 21:23:55,2025-03-16 11:49:05,Voi De,-2.53,0.00,EUR,COMPLETED,201.68
Card Payment,Current,2025-03-15 21:23:57,2025-03-16 11:49:12,Voi De,-1.54,0.00,EUR,COMPLETED,200.14
Fee,Current,2025-03-18 02:50:09,2025-03-18 02:50:09,Premium plan fee,-7.99,0.00,EUR,COMPLETED,192.15
Card Payment,Current,2025-03-19 21:44:12,2025-03-20 17:18:46,Claude.ai,-10.97,0.00,EUR,COMPLETED,181.18
Card Payment,Current,2025-03-20 18:29:31,2025-03-21 06:27:21,Indian Bazaar,-14.94,0.00,EUR,COMPLETED,166.24
Card Payment,Current,2025-03-20 19:01:35,2025-03-21 06:27:27,Soenmez Markt,-9.02,0.00,EUR,COMPLETED,157.22
Card Payment,Current,2025-03-20 18:52:02,2025-03-21 14:27:40,ALDI,-11.27,0.00,EUR,COMPLETED,145.95
Card Payment,Current,2025-03-22 17:32:08,2025-03-23 09:17:05,Voi De,-1.76,0.00,EUR,COMPLETED,144.19
Card Payment,Current,2025-03-25 15:17:25,2025-03-26 05:58:55,Soenmez Markt,-8.31,0.00,EUR,COMPLETED,135.88
Card Payment,Current,2025-03-25 10:11:02,2025-03-26 09:32:39,Voi De,-1.87,0.00,EUR,COMPLETED,134.01
Card Payment,Current,2025-03-25 10:11:04,2025-03-26 09:32:40,Voi De,-1.32,0.00,EUR,COMPLETED,132.69
Card Payment,Current,2025-03-25 15:40:03,2025-03-26 09:49:42,ALDI,-18.41,0.00,EUR,COMPLETED,114.28
Deposit,Current,2025-03-27 12:53:40,2025-03-27 12:53:41,Payment from DEEPAK BATHAM,1000.00,0.00,EUR,COMPLETED,1114.28
Transfer,Current,2025-03-27 12:54:44,2025-03-27 12:56:52,International transfer to Deepak Batham,-217.22,0.40,EUR,COMPLETED,896.66
Card Payment,Current,2025-03-26 08:04:58,2025-03-27 17:14:52,YouTube,-3.25,0.00,EUR,COMPLETED,893.41
Card Payment,Current,2025-03-29 18:37:58,2025-03-30 06:32:03,ALDI,-10.30,0.00,EUR,COMPLETED,883.11
Transfer,Current,2025-03-31 09:33:50,2025-03-31 09:35:56,International transfer to Deepak Batham,-498.87,0.60,EUR,COMPLETED,383.64
Transfer,Current,2025-04-01 02:00:00,2025-04-01 12:50:48,To Telefonica Germany GmbH + Co. OHG,-46.98,0.00,EUR,COMPLETED,336.66
Deposit,Current,2025-04-01 15:37:26,2025-04-01 15:37:28,Apple Pay deposit by *4616,1000.00,0.00,EUR,COMPLETED,1336.66
Transfer,Current,2025-04-01 15:38:58,2025-04-01 15:40:11,Transfer to NAVEEN NOORBHASHA,-1.00,0.00,EUR,COMPLETED,1335.66
Transfer,Current,2025-04-01 15:39:53,2025-04-01 15:40:53,Transfer from NAVEEN NOORBHASHA,1.00,0.00,EUR,COMPLETED,1336.66
Transfer,Current,2025-04-01 15:40:39,2025-04-01 15:41:28,Transfer to NAVEEN NOORBHASHA,-1000.00,0.00,EUR,COMPLETED,336.66
Card Payment,Current,2025-04-01 19:52:07,2025-04-02 07:03:54,dm drogerie,-24.40,0.00,EUR,COMPLETED,312.26
Card Payment,Current,2025-04-02 00:56:00,2025-04-02 10:37:30,Apple,-9.99,0.00,EUR,COMPLETED,302.27
Card Payment,Current,2025-04-01 19:10:28,2025-04-02 11:26:23,ALDI,-10.23,0.00,EUR,COMPLETED,292.04
Transfer,Current,2025-04-02 02:00:00,2025-04-02 12:56:06,To Feather by Stripe via PPRO,-6.58,0.00,EUR,COMPLETED,285.46
Card Payment,Current,2025-04-04 16:55:41,2025-04-05 15:27:04,ALDI,-6.77,0.00,EUR,COMPLETED,278.69
Transfer,Current,2025-04-08 09:04:37,2025-04-08 09:06:43,International transfer to Deepak Batham,-50.07,0.40,EUR,COMPLETED,228.22
Transfer,Current,2025-04-09 19:13:27,2025-04-09 19:14:28,Transfer from NAVEEN NOORBHASHA,1000.00,0.00,EUR,COMPLETED,1228.22
Card Payment,Current,2025-04-09 17:08:19,2025-04-10 07:00:54,Soenmez Markt,-22.62,0.00,EUR,COMPLETED,1205.60
Card Payment,Current,2025-04-09 14:37:31,2025-04-10 17:46:04,Squarespace,-8.95,0.00,EUR,COMPLETED,1196.65
Card Payment,Current,2025-04-10 19:28:42,2025-04-11 14:27:43,Claude.ai,-21.42,0.00,EUR,COMPLETED,1175.23
Card Payment,Current,2025-04-12 13:22:24,2025-04-13 06:44:18,Voi De,-1.98,0.00,EUR,COMPLETED,1173.25
Transfer,Current,2025-04-14 21:47:47,2025-04-14 21:49:53,International transfer to Deepak Batham,-41.12,0.40,EUR,COMPLETED,1131.73
Card Payment,Current,2025-04-14 18:23:03,2025-04-15 15:25:19,ALDI,-7.40,0.00,EUR,COMPLETED,1124.33
Card Payment,Current,2025-04-15 21:13:48,2025-04-16 07:01:53,Voi De,-2.99,0.00,EUR,COMPLETED,1121.34
Fee,Current,2025-04-18 02:23:12,2025-04-18 02:23:12,Premium plan fee,-7.99,0.00,EUR,COMPLETED,1113.35
Card Payment,Current,2025-04-18 10:02:50,2025-04-19 15:32:08,Google One,-10.10,0.00,EUR,COMPLETED,1103.25
Card Payment,Current,2025-04-19 19:38:31,,GitHub,-8.81,0.09,EUR,REVERTED,
Card Payment,Current,2025-04-18 10:43:33,2025-04-21 11:48:39,Felix Pluns,-70.00,0.00,EUR,COMPLETED,1033.25
Card Payment,Current,2025-04-23 12:28:16,2025-04-24 06:55:26,SBB CFF FFS,-12.84,0.00,EUR,COMPLETED,1020.41
Card Payment,Current,2025-04-23 12:28:56,2025-04-24 06:55:27,SBB CFF FFS,-12.84,0.00,EUR,COMPLETED,1007.57
Transfer,Current,2025-04-28 15:46:26,2025-04-28 15:48:35,International transfer to Deepak Batham,-259.44,0.40,EUR,COMPLETED,747.73
Deposit,Current,2025-04-28 19:38:45,2025-04-28 19:38:46,Apple Pay deposit by *4616,350.00,0.00,EUR,COMPLETED,1097.73
Transfer,Current,2025-04-28 19:44:07,2025-04-29 02:53:30,To BNP PARIBHAS S.A.,-348.85,0.00,EUR,COMPLETED,748.88
Card Payment,Current,2025-04-28 12:05:05,2025-04-29 07:33:07,Soenmez Markt,-10.90,0.00,EUR,COMPLETED,737.98
Card Payment,Current,2025-04-28 15:42:15,2025-04-29 10:25:04,Zalando Payments,-89.99,0.00,EUR,COMPLETED,647.99
Transfer,Current,2025-04-29 02:00:00,2025-04-29 12:44:27,To Abrechnung Amazon Visa-Kreditkarte Rechnungsnr,-5.79,0.00,EUR,COMPLETED,642.20
Card Payment,Current,2025-04-28 12:08:31,2025-04-29 14:37:18,Uber,-10.00,0.00,EUR,COMPLETED,632.20
Card Payment,Current,2025-04-29 19:18:46,2025-04-30 11:10:24,ALDI,-5.78,0.00,EUR,COMPLETED,626.42
Card Payment,Current,2025-04-29 19:11:38,2025-04-30 11:10:26,ALDI,-12.59,0.00,EUR,COMPLETED,613.83
Card Payment,Current,2025-05-02 00:55:46,2025-05-02 11:56:34,Apple,-9.99,0.00,EUR,COMPLETED,603.84
Deposit,Current,2025-05-02 15:00:43,2025-05-02 15:00:44,Apple Pay deposit by *4616,1000.00,0.00,EUR,COMPLETED,1603.84
Transfer,Current,2025-05-02 15:01:16,2025-05-02 15:01:17,Transfer to NAVEEN NOORBHASHA,-1000.00,0.00,EUR,COMPLETED,603.84
Card Payment,Current,2025-05-02 18:43:45,2025-05-03 07:26:54,Soenmez Markt,-21.20,0.00,EUR,COMPLETED,582.64
Card Payment,Current,2025-05-02 16:34:59,2025-05-03 16:42:21,Facer,-35.35,0.00,EUR,COMPLETED,547.29
Transfer,Current,2025-05-05 02:00:00,2025-05-05 13:05:56,To Feather by Stripe via PPRO,-6.58,0.00,EUR,COMPLETED,540.71
Transfer,Current,2025-05-06 02:00:00,2025-05-06 12:45:04,To Telefonica Germany GmbH + Co. OHG,-46.98,0.00,EUR,COMPLETED,493.73
Card Payment,Current,2025-05-07 19:29:18,2025-05-08 08:42:49,Soenmez Markt,-10.28,0.00,EUR,COMPLETED,483.45
Transfer,Current,2025-05-08 09:03:18,2025-05-08 09:05:24,International transfer to Deepak Batham,-314.81,0.40,EUR,COMPLETED,168.24
Card Payment,Current,2025-05-07 19:14:06,2025-05-08 16:04:07,TEDi,-6.55,0.00,EUR,COMPLETED,161.69
Card Payment,Current,2025-05-07 19:00:53,2025-05-08 16:05:03,ALDI,-18.40,0.00,EUR,COMPLETED,143.29
Card Payment,Current,2025-05-09 15:06:14,2025-05-10 07:26:35,Voi De,-1.54,0.00,EUR,COMPLETED,141.75
Card Payment,Current,2025-05-09 18:28:56,2025-05-10 08:06:05,BAUHAUS,-53.23,0.00,EUR,COMPLETED,88.52
Deposit,Current,2025-05-10 14:48:08,2025-05-10 14:48:09,Apple Pay deposit by *4616,200.00,0.00,EUR,COMPLETED,288.52
Card Payment,Current,2025-05-09 14:37:35,2025-05-10 23:18:25,Squarespace,-8.95,0.00,EUR,COMPLETED,279.57
Card Payment,Current,2025-05-10 16:23:48,2025-05-11 06:46:57,Voi De,-1.10,0.00,EUR,COMPLETED,278.47
ATM,Current,2025-05-10 14:46:13,2025-05-13 07:27:05,Cash withdrawal at Hamburg-wandsbek,-50.00,0.00,EUR,COMPLETED,228.47
Card Payment,Current,2025-05-13 19:36:07,2025-05-14 07:39:05,Soenmez Markt,-10.59,0.00,EUR,COMPLETED,217.88
Card Payment,Current,2025-05-13 19:20:05,2025-05-14 13:09:23,Woolworth,-30.50,0.00,EUR,COMPLETED,187.38
Card Payment,Current,2025-05-13 18:59:01,2025-05-14 13:09:30,TEDi,-10.55,0.00,EUR,COMPLETED,176.83
Card Payment,Current,2025-05-13 18:47:11,2025-05-14 13:10:11,ALDI,-20.21,0.00,EUR,COMPLETED,156.62
Deposit,Current,2025-05-15 09:32:05,2025-05-15 09:33:53,Open banking deposit,200.00,0.00,EUR,COMPLETED,356.62
Transfer,Current,2025-05-15 09:34:46,2025-05-15 09:36:54,International transfer to Deepak Batham,-209.53,0.40,EUR,COMPLETED,146.69
Card Payment,Current,2025-05-15 21:13:51,2025-05-16 12:58:48,Voi De,-2.99,0.00,EUR,COMPLETED,143.70
Transfer,Current,2025-05-16 14:09:50,2025-05-16 14:09:51,Transfer from NAVEEN NOORBHASHA,1000.00,0.00,EUR,COMPLETED,1143.70
Transfer,Current,2025-05-16 17:20:26,2025-05-16 17:20:27,To Deepak Batham,-100.00,0.00,EUR,COMPLETED,1043.70
Fee,Current,2025-05-18 03:57:57,2025-05-18 03:57:57,Premium plan fee,-7.99,0.00,EUR,COMPLETED,1035.71
Card Payment,Current,2025-05-21 18:32:22,2025-05-22 11:33:36,ALDI,-23.18,0.00,EUR,COMPLETED,1012.53
Card Payment,Current,2025-05-23 19:12:03,2025-05-24 19:19:02,Google One,-10.13,0.00,EUR,COMPLETED,1002.40
Card Payment,Current,2025-05-27 18:38:59,2025-05-28 07:13:32,Soenmez Markt,-17.85,0.00,EUR,COMPLETED,984.55
Card Payment,Current,2025-05-27 19:12:06,2025-05-28 10:41:34,Woolworth,-12.00,0.00,EUR,COMPLETED,972.55
Card Payment,Current,2025-05-27 18:58:54,2025-05-28 10:42:16,ALDI,-10.76,0.00,EUR,COMPLETED,961.79
Transfer,Current,2025-05-30 02:00:00,2025-05-30 12:44:57,To Abrechnung Amazon Visa-Kreditkarte Rechnungsnr,-52.15,0.00,EUR,COMPLETED,909.64
Card Payment,Current,2025-05-30 17:18:29,2025-05-31 06:45:37,Voi De,-1.10,0.00,EUR,COMPLETED,908.54
Card Payment,Current,2025-05-31 22:36:14,2025-06-01 06:32:10,Voi De,-1.10,0.00,EUR,COMPLETED,907.44
Transfer,Current,2025-06-02 02:00:00,2025-06-02 13:00:24,To Telefonica Germany GmbH + Co. OHG,-50.79,0.00,EUR,COMPLETED,856.65
Card Payment,Current,2025-06-02 00:55:49,2025-06-02 14:00:42,Apple,-9.99,0.00,EUR,COMPLETED,846.66
Transfer,Current,2025-06-02 15:31:12,2025-06-02 15:33:17,International transfer to Deepak Batham,-412.32,0.49,EUR,COMPLETED,433.85
ATM,Current,2025-06-02 17:30:35,2025-06-03 06:59:20,Cash withdrawal at *deutsche Bank Ag,-50.00,0.00,EUR,COMPLETED,383.85
Card Payment,Current,2025-06-02 17:11:46,2025-06-03 07:11:04,Soft Hair Mk,-18.00,0.00,EUR,COMPLETED,365.85
Transfer,Current,2025-06-03 02:00:00,2025-06-03 13:10:12,To Feather by Stripe via PPRO,-6.58,0.00,EUR,COMPLETED,359.27
Card Payment,Current,2025-06-05 14:28:24,2025-06-06 15:16:31,Voi De,-1.10,0.00,EUR,COMPLETED,358.17
Card Payment,Current,2025-06-06 18:46:21,2025-06-07 14:10:03,ALDI,-30.91,0.00,EUR,COMPLETED,327.26
Transfer,Current,2025-06-07 23:05:15,2025-06-08 04:10:22,International transfer to Deepak Batham,-102.76,0.40,EUR,COMPLETED,224.10
Card Payment,Current,2025-06-09 14:38:12,2025-06-10 14:16:23,Squarespace,-8.80,0.00,EUR,COMPLETED,215.30
Card Payment,Current,2025-06-11 19:02:40,,Voi De,-10.00,0.00,EUR,REVERTED,
Card Payment,Current,2025-06-11 09:47:00,2025-06-12 06:57:46,Voi De,-0.88,0.00,EUR,COMPLETED,214.42
Card Payment,Current,2025-06-11 12:08:21,2025-06-12 06:57:47,Voi De,-1.10,0.00,EUR,COMPLETED,213.32
Card Payment,Current,2025-06-11 19:11:51,2025-06-12 06:57:48,Voi De,-2.20,0.00,EUR,COMPLETED,211.12
Card Payment,Current,2025-06-11 19:11:48,2025-06-12 06:57:48,Voi De,-2.97,0.00,EUR,COMPLETED,208.15
Card Payment,Current,2025-06-13 18:25:01,2025-06-14 06:53:43,Soenmez Markt,-9.53,0.00,EUR,COMPLETED,198.62
Card Payment,Current,2025-06-13 18:34:29,2025-06-14 15:26:09,ALDI,-6.91,0.00,EUR,COMPLETED,191.71
Card Payment,Current,2025-06-15 21:13:48,2025-06-16 07:00:47,Voi De,-2.99,0.00,EUR,COMPLETED,188.72
Card Payment,Current,2025-06-16 09:45:17,2025-06-17 06:55:11,Voi De,-1.32,0.00,EUR,COMPLETED,187.40
Card Payment,Current,2025-06-16 11:23:53,2025-06-17 06:55:14,Voi De,-1.10,0.00,EUR,COMPLETED,186.30
Charge,Current,2025-06-18 02:41:08,2025-06-18 02:41:08,Premium plan fee,0.00,7.99,EUR,COMPLETED,178.31
Card Payment,Current,2025-06-17 21:51:56,2025-06-18 07:08:34,Voi De,-1.10,0.00,EUR,COMPLETED,177.21
Card Payment,Current,2025-06-17 16:20:40,2025-06-18 07:08:35,Voi De,-0.88,0.00,EUR,COMPLETED,176.33
Transfer,Current,2025-06-19 15:11:05,2025-06-19 15:11:10,To Deepak Batham TR,-40.00,0.00,EUR,COMPLETED,136.33
Card Payment,Current,2025-06-19 19:29:36,2025-06-20 06:44:51,dm drogerie,-12.85,0.00,EUR,COMPLETED,123.48
Card Payment,Current,2025-06-19 18:42:45,2025-06-20 12:08:17,ALDI,-19.77,0.00,EUR,COMPLETED,103.71
Deposit,Current,2025-06-20 15:07:15,2025-06-20 15:07:17,Apple Pay deposit by *4616,1200.00,0.00,EUR,COMPLETED,1303.71
Transfer,Current,2025-06-20 15:07:40,2025-06-20 15:07:44,Transfer to NAVEEN NOORBHASHA,-1200.00,0.00,EUR,COMPLETED,103.71
Card Payment,Current,2025-06-20 15:02:21,2025-06-21 06:52:47,Voi De,-0.66,0.00,EUR,COMPLETED,103.05
Card Payment,Current,2025-06-20 19:19:25,2025-06-21 06:52:53,Voi De,-2.20,0.00,EUR,COMPLETED,100.85
Card Payment,Current,2025-06-19 23:02:49,2025-06-21 07:07:31,dm drogerie,-20.50,0.00,EUR,COMPLETED,80.35
Card Payment,Current,2025-06-20 18:14:43,2025-06-21 07:09:10,Int. Asian Foods,-6.57,0.00,EUR,COMPLETED,73.78
Card Payment,Current,2025-06-21 15:28:39,2025-06-22 14:47:17,Claude.ai,-20.74,0.00,EUR,COMPLETED,53.04
Card Payment,Current,2025-06-23 19:45:17,2025-06-24 17:35:01,Google One,-19.58,0.00,EUR,COMPLETED,33.46
Deposit,Current,2025-06-25 03:06:43,2025-06-25 03:06:43,Payment from DEEPAK BATHAM,1000.00,0.00,EUR,COMPLETED,1033.46
Card Payment,Current,2025-06-25 04:29:29,2025-06-26 07:44:24,Voi De,-0.88,0.00,EUR,COMPLETED,1032.58
Transfer,Current,2025-06-26 17:35:06,2025-06-26 17:37:17,International transfer to Deepak Batham,-520.43,0.62,EUR,COMPLETED,511.53
Card Payment,Current,2025-06-26 01:27:07,2025-06-27 07:42:05,Voi De,-0.88,0.00,EUR,COMPLETED,510.65
Card Payment,Current,2025-06-26 19:44:54,2025-06-27 14:44:48,Budni,-17.74,0.00,EUR,COMPLETED,492.91
Card Payment,Current,2025-06-24 20:36:48,2025-06-30 20:44:35,Anthropic,-21.42,0.00,EUR,COMPLETED,471.49
Card Payment,Current,2025-06-30 19:44:09,2025-07-01 06:58:15,Soenmez Markt,-7.07,0.00,EUR,COMPLETED,464.42
Card Payment,Current,2025-06-30 19:53:23,2025-07-01 13:00:26,ALDI,-2.87,0.00,EUR,COMPLETED,461.55
Card Payment,Current,2025-07-02 00:55:46,2025-07-02 12:40:34,Apple,-9.99,0.00,EUR,COMPLETED,451.56
Transfer,Current,2025-07-02 02:00:00,2025-07-02 12:44:05,To Telefonica Germany GmbH + Co. OHG,-50.79,0.00,EUR,COMPLETED,400.77
Transfer,Current,2025-07-02 02:00:00,2025-07-02 13:02:50,To Feather by Stripe via PPRO,-6.58,0.00,EUR,COMPLETED,394.19
Card Payment,Current,2025-07-02 20:06:05,2025-07-03 13:05:56,Voi De,-0.66,0.00,EUR,COMPLETED,393.53
Card Payment,Current,2025-07-05 01:48:49,2025-07-06 06:46:28,Voi De,-0.88,0.00,EUR,COMPLETED,392.65
Card Payment,Current,2025-07-05 18:51:55,2025-07-06 13:05:58,ALDI,-21.54,0.00,EUR,COMPLETED,371.11
Transfer,Current,2025-07-07 09:20:16,2025-07-07 09:20:16,Transfer from NAVEEN NOORBHASHA,1200.00,0.00,EUR,COMPLETED,1571.11
Transfer,Current,2025-07-07 11:44:00,2025-07-07 12:48:13,To Deepak Batham Advanzia CC,-1200.00,0.00,EUR,COMPLETED,371.11
Transfer,Current,2025-07-08 14:52:32,2025-07-08 14:54:39,International transfer to Deepak Batham,-50.03,0.40,EUR,COMPLETED,320.68
Card Payment,Current,2025-07-08 20:22:50,2025-07-09 07:10:37,Voi De,-0.66,0.00,EUR,COMPLETED,320.02
Card Payment,Current,2025-07-09 19:46:26,2025-07-10 13:11:59,ALDI,-4.77,0.00,EUR,COMPLETED,315.25
Card Payment,Current,2025-07-09 14:35:18,2025-07-10 14:48:39,Squarespace,-8.57,0.00,EUR,COMPLETED,306.68
Card Payment,Current,2025-07-11 11:12:37,2025-07-12 16:15:17,Voi De,-1.92,0.00,EUR,COMPLETED,304.76
Card Payment,Current,2025-07-11 11:34:02,2025-07-12 16:23:28,Hamburg Service Vor Or,-29.00,0.00,EUR,COMPLETED,275.76
Card Payment,Current,2025-07-12 02:03:33,2025-07-13 06:30:13,Voi De,-1.44,0.00,EUR,COMPLETED,274.32
Card Payment,Current,2025-07-14 19:09:03,2025-07-15 06:45:41,Soenmez Markt,-5.14,0.00,EUR,COMPLETED,269.18
Card Payment,Current,2025-07-14 15:47:58,2025-07-15 16:19:01,Amazon,-61.59,0.00,EUR,COMPLETED,207.59
Transfer,Current,2025-07-15 18:59:07,2025-07-15 18:59:07,Transfer to NARENDRA YELISETTI,-1.00,0.00,EUR,COMPLETED,206.59
Transfer,Current,2025-07-15 18:59:25,2025-07-15 18:59:26,Transfer to NARENDRA YELISETTI,-10.00,0.00,EUR,COMPLETED,196.59
Transfer,Current,2025-07-15 19:00:01,2025-07-15 19:00:01,Transfer from NARENDRA YELISETTI,1.00,0.00,EUR,COMPLETED,197.59
Card Payment,Current,2025-07-15 17:28:13,2025-07-16 07:00:46,Voi De,-0.72,0.00,EUR,COMPLETED,196.87
Card Payment,Current,2025-07-15 17:42:54,2025-07-16 07:00:48,Voi De,-0.96,0.00,EUR,COMPLETED,195.91
Card Payment,Current,2025-07-15 21:13:51,2025-07-16 07:00:48,Voi De,-2.99,0.00,EUR,COMPLETED,192.92
Card Payment,Current,2025-07-16 20:10:30,2025-07-17 07:11:56,Voi De,-0.72,0.00,EUR,COMPLETED,192.20
Charge,Current,2025-07-18 04:17:15,2025-07-18 04:17:15,Premium plan fee,0.00,7.99,EUR,COMPLETED,184.21
Card Payment,Current,2025-07-17 16:29:17,2025-07-18 07:14:57,Voi De,-0.96,0.00,EUR,COMPLETED,183.25
Card Payment,Current,2025-07-17 17:03:21,2025-07-18 07:15:00,Voi De,-1.20,0.00,EUR,COMPLETED,182.05
Transfer,Current,2025-07-19 15:15:43,2025-07-19 15:15:45,To Deepak Batham TR,-40.00,0.00,EUR,COMPLETED,142.05
Card Payment,Current,2025-07-19 19:40:24,2025-07-20 14:22:17,Netto Marken-Discount,-10.60,0.00,EUR,COMPLETED,131.45
Card Payment,Current,2025-07-21 19:07:53,2025-07-22 07:17:15,Voi De,-0.72,0.00,EUR,COMPLETED,130.73
Card Payment,Current,2025-07-23 19:30:27,2025-07-24 07:11:12,dm drogerie,-8.25,0.00,EUR,COMPLETED,122.48
Card Payment,Current,2025-07-23 19:19:41,2025-07-24 07:23:21,Soenmez Markt,-6.17,0.00,EUR,COMPLETED,116.31
Card Payment,Current,2025-07-23 19:53:02,2025-07-24 13:42:14,ALDI,-11.98,0.00,EUR,COMPLETED,104.33
Card Payment,Current,2025-07-23 19:11:53,2025-07-24 15:34:13,Google One,-19.30,0.00,EUR,COMPLETED,85.03
Card Payment,Current,2025-07-24 21:37:55,2025-07-25 07:28:33,Anthropic,-21.42,0.00,EUR,COMPLETED,63.61
Deposit,Current,2025-07-25 11:23:14,2025-07-25 11:23:15,Apple Pay deposit by *4616,1200.00,0.00,EUR,COMPLETED,1263.61
Transfer,Current,2025-07-25 11:24:28,2025-07-25 11:26:34,International transfer to Pooja Batham,-49.41,0.40,EUR,COMPLETED,1213.80
Card Payment,Current,2025-07-24 20:06:54,2025-07-25 13:58:06,Netto Marken-Discount,-5.09,0.00,EUR,COMPLETED,1208.71
Card Payment,Current,2025-07-24 15:49:31,2025-07-25 15:57:34,Raz Heaven Of Handlooms,-26.65,0.00,EUR,COMPLETED,1182.06
Transfer,Current,2025-07-26 09:38:59,2025-07-26 09:41:06,International transfer to Deepak Batham,-495.11,0.59,EUR,COMPLETED,686.36
Card Payment,Current,2025-07-26 19:07:01,2025-07-27 12:21:22,H&M,-19.99,0.00,EUR,COMPLETED,666.37
Card Payment,Current,2025-07-26 18:21:30,2025-07-27 12:21:26,NEW YORKER,-19.97,0.00,EUR,COMPLETED,646.40
Card Payment,Current,2025-07-28 19:40:52,2025-07-29 11:57:51,TEDi,-1.55,0.00,EUR,COMPLETED,644.85
Transfer,Current,2025-07-29 20:04:09,2025-07-30 02:52:45,To OTTO Payments,-31.85,0.00,EUR,COMPLETED,613.00
Card Payment,Current,2025-07-30 19:49:55,2025-07-31 07:21:02,Voi De,-1.20,0.00,EUR,COMPLETED,611.80
Card Payment,Current,2025-07-30 17:54:59,2025-07-31 11:06:59,ALDI,-2.81,0.00,EUR,COMPLETED,608.99
Transfer,Current,2025-07-31 02:00:00,2025-07-31 12:47:51,To Telefonica Germany GmbH + Co. OHG,-50.79,0.00,EUR,COMPLETED,558.20
Transfer,Current,2025-07-31 17:50:24,2025-07-31 17:50:26,To Deepak Batham Wise,-50.00,0.00,EUR,COMPLETED,508.20
Card Payment,Current,2025-07-31 19:56:04,2025-08-01 07:00:58,Voi De,-0.96,0.00,EUR,COMPLETED,507.24
Card Payment,Current,2025-08-01 16:19:42,2025-08-02 07:21:55,Blume2000.de,-3.99,0.00,EUR,COMPLETED,503.25
Card Payment,Current,2025-08-02 00:55:54,2025-08-02 12:30:21,Apple,-9.99,0.00,EUR,COMPLETED,493.26
Card Payment,Current,2025-08-02 18:13:41,2025-08-03 14:46:12,Elb Doner,-7.00,0.00,EUR,COMPLETED,486.26
Card Payment,Current,2025-08-03 22:35:43,2025-08-04 07:53:51,Voi De,-0.72,0.00,EUR,COMPLETED,485.54
Transfer,Current,2025-08-04 11:19:56,2025-08-04 11:27:54,To Pooja Batham,-108.94,0.40,EUR,COMPLETED,376.20
Transfer,Current,2025-08-04 02:00:00,2025-08-04 12:58:10,To Feather,-6.58,0.00,EUR,COMPLETED,369.62
Card Payment,Current,2025-08-04 11:33:47,2025-08-05 04:57:27,Anivasi Bharati E.v,-32.00,0.00,EUR,COMPLETED,337.62
Card Payment,Current,2025-08-04 15:24:47,2025-08-05 07:16:39,Voi De,-1.44,0.00,EUR,COMPLETED,336.18
Card Payment,Current,2025-08-04 15:14:28,2025-08-05 07:16:39,Voi De,-1.44,0.00,EUR,COMPLETED,334.74
Card Payment,Current,2025-08-04 15:18:48,2025-08-05 07:16:40,Voi De,-0.48,0.00,EUR,COMPLETED,334.26
Card Payment,Current,2025-08-04 19:54:35,2025-08-05 14:11:33,dm drogerie,-0.95,0.00,EUR,COMPLETED,333.31
Card Payment,Current,2025-08-05 19:55:55,2025-08-06 15:49:49,ALDI,-19.50,0.00,EUR,COMPLETED,313.81
Card Payment,Current,2025-08-06 23:05:24,2025-08-07 06:40:02,Voi De,-30.72,0.00,EUR,COMPLETED,283.09
Card Payment,Current,2025-08-08 16:46:07,2025-08-09 12:48:36,C&A,-23.99,0.00,EUR,COMPLETED,259.10
Card Payment,Current,2025-08-08 17:09:12,2025-08-09 12:59:52,My Bread,-5.90,0.00,EUR,COMPLETED,253.20
Transfer,Current,2025-08-09 18:30:06,2025-08-09 18:38:54,To Deepak Batham,-24.69,0.40,EUR,COMPLETED,228.11
Card Payment,Current,2025-08-09 10:48:11,2025-08-10 15:27:48,Meta Pay,-7.41,0.00,EUR,COMPLETED,220.70
Card Payment,Current,2025-08-11 19:56:30,2025-08-12 16:09:21,ALDI,-14.17,0.00,EUR,COMPLETED,206.53
Card Payment,Current,2025-08-12 16:27:52,2025-08-13 04:13:03,Google Play,-1.69,0.00,EUR,COMPLETED,204.84
Card Payment,Current,2025-08-12 19:53:20,2025-08-13 07:05:39,Soenmez Markt,-5.55,0.00,EUR,COMPLETED,199.29
Transfer,Current,2025-08-13 16:27:06,2025-08-13 17:07:05,To Pooja Batham,-24.50,0.40,EUR,COMPLETED,174.39
Card Payment,Current,2025-08-11 23:23:45,2025-08-13 18:01:07,Amazon,-21.06,0.00,EUR,COMPLETED,153.33
Card Payment,Current,2025-08-13 20:02:50,2025-08-14 06:44:37,Voi De,-0.96,0.00,EUR,COMPLETED,152.37
Deposit,Current,2025-08-14 08:55:10,2025-08-14 08:55:12,Apple Pay deposit by *4616,100.00,0.00,EUR,COMPLETED,252.37
Transfer,Current,2025-08-14 08:55:50,2025-08-14 09:00:38,To Deepak Batham,-98.21,0.40,EUR,COMPLETED,153.76
Card Payment,Current,2025-08-14 15:11:08,2025-08-15 16:21:46,Amazon,-18.23,0.00,EUR,COMPLETED,135.53
Card Payment,Current,2025-08-14 14:25:35,2025-08-15 16:21:48,Amazon,-36.35,0.00,EUR,COMPLETED,99.18
Deposit,Current,2025-08-15 18:54:46,2025-08-15 18:54:47,Apple Pay deposit by *4616,100.00,0.00,EUR,COMPLETED,199.18
Transfer,Current,2025-08-15 18:55:11,2025-08-15 19:00:06,To Deepak Batham,-98.06,0.40,EUR,COMPLETED,100.72
Card Payment,Current,2025-08-15 21:13:50,2025-08-16 06:38:00,Voi De,-2.99,0.00,EUR,COMPLETED,97.73
Card Payment,Current,2025-08-16 10:56:13,2025-08-17 14:28:32,Amazon,-7.43,0.00,EUR,COMPLETED,90.30
Charge,Current,2025-08-18 02:43:53,2025-08-18 02:43:53,Premium plan fee,0.00,7.99,EUR,COMPLETED,82.31
Card Payment,Current,2025-08-18 19:57:15,2025-08-19 10:12:33,ALDI,-5.55,0.00,EUR,COMPLETED,76.76
Card Payment,Current,2025-08-20 19:42:39,2025-08-21 06:38:48,Voi De,-2.16,0.00,EUR,COMPLETED,74.60
Card Payment,Current,2025-08-20 17:31:36,2025-08-21 06:38:51,Voi De,-1.20,0.00,EUR,COMPLETED,73.40
Card Payment,Current,2025-08-20 17:09:11,2025-08-21 06:41:00,Rewe,-1.09,0.00,EUR,COMPLETED,72.31
Card Payment,Current,2025-08-20 17:25:50,2025-08-21 06:55:02,Indian Bazaar,-5.90,0.00,EUR,COMPLETED,66.41
Card Payment,Current,2025-08-21 18:30:31,2025-08-22 11:34:45,ALDI,-6.66,0.00,EUR,COMPLETED,59.75
Card Payment,Current,2025-08-22 19:49:17,2025-08-23 06:02:12,Uber,-19.00,0.00,EUR,COMPLETED,40.75
Card Payment,Current,2025-08-22 13:27:06,2025-08-23 06:02:21,Voi De,-0.72,0.00,EUR,COMPLETED,40.03
Card Payment,Current,2025-08-22 01:21:16,2025-08-23 06:02:23,Voi De,-0.96,0.00,EUR,COMPLETED,39.07
Card Payment,Current,2025-08-22 19:32:00,2025-08-23 06:02:29,Voi De,-0.72,0.00,EUR,COMPLETED,38.35
Card Payment,Current,2025-08-22 20:12:06,2025-08-23 06:02:30,Voi De,-1.68,0.00,EUR,COMPLETED,36.67
Deposit,Current,2025-08-23 10:02:08,2025-08-23 10:02:09,Payment from DEEPAK BATHAM,300.00,0.00,EUR,COMPLETED,336.67
Card Payment,Current,2025-08-23 16:38:57,2025-08-24 06:22:07,Soenmez Markt,-5.13,0.00,EUR,COMPLETED,331.54
Card Payment,Current,2025-08-23 17:15:34,2025-08-24 12:28:16,Woolworth,-4.00,0.00,EUR,COMPLETED,327.54
Card Payment,Current,2025-08-24 21:37:25,2025-08-25 06:41:12,Anthropic,-21.42,0.00,EUR,COMPLETED,306.12
Transfer,Current,2025-08-25 11:04:33,2025-08-25 11:04:34,To Deepak Batham TR,-40.00,0.00,EUR,COMPLETED,266.12
Transfer,Current,2025-08-25 11:14:30,2025-08-25 11:17:52,To Deepak Batham,-49.02,0.40,EUR,COMPLETED,216.70
Card Payment,Current,2025-08-28 15:46:13,2025-08-29 07:21:27,Soenmez Markt,-10.36,0.00,EUR,COMPLETED,206.34
Deposit,Current,2025-08-29 08:19:14,2025-08-29 08:19:14,Payment from DEEPAK BATHAM,300.00,0.00,EUR,COMPLETED,506.34
Card Payment,Current,2025-08-29 00:35:54,2025-08-29 09:46:55,Fms Systems,-45.20,0.00,EUR,COMPLETED,461.14
Transfer,Current,2025-08-29 10:20:06,2025-08-29 10:30:10,To Pooja Batham,-107.27,0.40,EUR,COMPLETED,353.47
Deposit,Current,2025-08-29 19:41:01,2025-08-29 19:41:03,Apple Pay deposit by *4616,1000.00,0.00,EUR,COMPLETED,1353.47
Transfer,Current,2025-08-29 19:41:37,2025-08-29 19:41:37,Transfer to NAVEEN NOORBHASHA,-1000.00,0.00,EUR,COMPLETED,353.47
Transfer,Current,2025-08-30 17:55:31,2025-08-30 17:55:31,Transfer to NARENDRA YELISETTI,-31.78,0.00,EUR,COMPLETED,321.69
Card Payment,Current,2025-08-30 11:50:40,2025-08-31 09:33:55,TEDi,-3.00,0.00,EUR,COMPLETED,318.69
Transfer,Current,2025-09-01 02:00:00,2025-09-01 12:57:24,To Telefonica Germany GmbH + Co. OHG,-50.79,0.00,EUR,COMPLETED,267.90
Card Payment,Current,2025-09-01 18:22:56,2025-09-02 07:37:02,Soenmez Markt,-6.13,0.00,EUR,COMPLETED,261.77
Card Payment,Current,2025-09-02 00:56:14,2025-09-02 10:34:56,Apple,-9.99,0.00,EUR,COMPLETED,251.78
Transfer,Current,2025-09-01 15:33:47,2025-09-02 11:05:22,To Deepak Batham,-29.21,0.40,EUR,COMPLETED,222.17
Card Payment,Current,2025-09-01 20:44:14,2025-09-02 11:15:02,Voi De,-0.72,0.00,EUR,COMPLETED,221.45
Transfer,Current,2025-09-02 02:00:00,2025-09-02 13:01:38,To Feather,-6.58,0.00,EUR,COMPLETED,214.87
Card Payment,Current,2025-09-03 18:09:28,2025-09-04 07:09:53,Soenmez Markt,-5.06,0.00,EUR,COMPLETED,209.81
Card Payment,Current,2025-09-03 18:23:03,2025-09-04 09:57:26,ALDI,-12.65,0.00,EUR,COMPLETED,197.16
Card Payment,Current,2025-09-04 17:33:20,2025-09-05 07:05:00,REWE.de,-9.10,0.00,EUR,COMPLETED,188.06
Card Payment,Current,2025-09-08 17:26:50,2025-09-09 06:39:33,Soenmez Markt,-4.19,0.00,EUR,COMPLETED,183.87
Card Payment,Current,2025-09-09 16:56:26,2025-09-10 06:43:27,Voi De,-0.96,0.00,EUR,COMPLETED,182.91
Card Payment,Current,2025-09-09 21:55:12,2025-09-10 06:43:29,Voi De,-0.72,0.00,EUR,COMPLETED,182.19
Transfer,Current,2025-09-10 09:54:29,2025-09-10 09:54:30,Transfer from NAVEEN NOORBHASHA,1000.00,0.00,EUR,COMPLETED,1182.19
Transfer,Current,2025-09-10 10:19:35,2025-09-10 11:09:12,To Deepak Batham Advanzia CC,-1000.00,0.00,EUR,COMPLETED,182.19
Card Payment,Current,2025-09-10 19:58:10,2025-09-11 06:39:37,Voi De,-1.20,0.00,EUR,COMPLETED,180.99
Card Payment,Current,2025-09-10 19:52:06,2025-09-11 06:53:09,Budni,-6.99,0.00,EUR,COMPLETED,174.00
Card Payment,Current,2025-09-10 19:46:52,2025-09-11 12:46:02,ALDI,-10.21,0.00,EUR,COMPLETED,163.79
Card Payment,Current,2025-09-11 19:15:03,2025-09-12 06:27:33,Voi De,-1.20,0.00,EUR,COMPLETED,162.59
Card Payment,Current,2025-09-12 18:16:48,2025-09-13 10:26:49,ALDI,-5.88,0.00,EUR,COMPLETED,156.71
Card Payment,Current,2025-09-13 12:52:12,2025-09-14 06:29:56,Voi De,-1.20,0.00,EUR,COMPLETED,155.51
Card Payment,Current,2025-09-13 13:08:57,2025-09-14 06:29:56,Voi De,-1.20,0.00,EUR,COMPLETED,154.31
Card Payment,Current,2025-09-15 20:28:32,,Voi De,-5.00,0.00,EUR,REVERTED,
Card Payment,Current,2025-09-15 20:33:16,2025-09-16 06:53:14,Voi De,-1.20,0.00,EUR,COMPLETED,153.11
Card Payment,Current,2025-09-15 21:13:48,2025-09-16 06:53:15,Voi De,-2.99,0.00,EUR,COMPLETED,150.12
Deposit,Current,2025-09-16 16:00:38,2025-09-16 16:00:40,Apple Pay deposit by *4616,600.00,0.00,EUR,COMPLETED,750.12
Transfer,Current,2025-09-16 16:32:45,2025-09-16 16:47:53,To Deepak Batham,-57.82,0.40,EUR,COMPLETED,691.90
Card Payment,Current,2025-09-16 20:21:07,2025-09-18 03:33:29,FlixBus,-56.91,0.00,EUR,COMPLETED,634.99
Card Payment,Current,2025-09-16 20:16:05,2025-09-18 03:33:32,FlixBus,-103.31,0.00,EUR,COMPLETED,531.68
Charge,Current,2025-09-18 03:55:38,2025-09-18 03:55:38,Premium plan fee,0.00,7.99,EUR,COMPLETED,523.69
Card Payment,Current,2025-09-17 20:13:27,2025-09-18 12:47:09,Doner Royal,-13.50,0.00,EUR,COMPLETED,510.19
Card Payment,Current,2025-09-18 19:27:27,2025-09-19 12:16:59,ALDI,-8.49,0.00,EUR,COMPLETED,501.70
Transfer,Current,2025-09-19 18:04:46,2025-09-19 18:04:48,To Deepak Batham TR,-40.00,0.00,EUR,COMPLETED,461.70
Card Payment,Current,2025-09-19 17:36:54,2025-09-20 06:38:59,Voi De,-0.96,0.00,EUR,COMPLETED,460.74
Card Payment,Current,2025-09-19 19:44:00,2025-09-20 06:39:02,Voi De,-0.96,0.00,EUR,COMPLETED,459.78
Card Payment,Current,2025-09-22 20:09:12,2025-09-23 07:10:48,Voi De,-0.48,0.00,EUR,COMPLETED,459.30
Transfer,Current,2025-09-23 17:15:31,2025-09-23 17:15:33,To Bernd Große,-305.15,0.00,EUR,COMPLETED,154.15
Transfer,Current,2025-09-23 17:21:44,2025-09-23 17:21:46,To Bernd Große,-1.00,0.00,EUR,COMPLETED,153.15
Card Payment,Current,2025-09-22 10:28:09,2025-09-23 18:05:22,geetanjali.moorja,-5.00,0.00,EUR,COMPLETED,148.15
Card Payment,Current,2025-09-22 19:52:24,2025-09-23 18:45:34,ALDI,-7.24,0.00,EUR,COMPLETED,140.91
Card Payment,Current,2025-09-24 21:38:08,2025-09-25 08:06:56,Anthropic,-21.42,0.00,EUR,COMPLETED,119.49
Card Payment,Current,2025-09-25 14:31:49,2025-09-26 03:24:41,Calvin Klein,-9.10,0.00,EUR,COMPLETED,110.39
Card Payment,Current,2025-09-25 18:51:38,2025-09-26 06:54:05,Bäckerei Tackmann,-13.20,0.00,EUR,COMPLETED,97.19
Card Payment,Current,2025-09-26 09:36:37,2025-09-27 07:17:54,Voi De,-1.20,0.00,EUR,COMPLETED,95.99
Card Payment,Current,2025-09-27 00:36:36,2025-09-27 14:22:44,Voi De,-1.20,0.00,EUR,COMPLETED,94.79
Card Payment,Current,2025-09-26 09:21:05,2025-09-27 14:37:11,ALDI,-19.09,0.00,EUR,COMPLETED,75.70
Deposit,Current,2025-09-30 08:44:30,2025-09-30 08:44:31,Apple Pay deposit by *4616,400.00,0.00,EUR,COMPLETED,475.70
Card Payment,Current,2025-09-30 16:28:25,2025-10-01 11:13:31,TEDi,-4.00,0.00,EUR,COMPLETED,471.70
Card Payment,Current,2025-09-30 16:45:28,2025-10-01 11:14:03,ALDI,-2.42,0.00,EUR,COMPLETED,469.28
Card Payment,Current,2025-10-01 19:52:14,2025-10-02 06:20:36,Uber,-9.94,0.00,EUR,COMPLETED,459.34
Card Payment,Current,2025-10-01 20:48:18,2025-10-02 06:20:39,Uber,-0.42,0.00,EUR,COMPLETED,458.92
Card Payment,Current,2025-10-01 08:53:20,2025-10-02 06:21:15,Voi De,-1.20,0.00,EUR,COMPLETED,457.72
Card Payment,Current,2025-10-02 00:56:32,2025-10-02 12:12:47,Apple,-9.99,0.00,EUR,COMPLETED,447.73
Transfer,Current,2025-10-02 02:00:00,2025-10-02 12:47:16,Telefonica Germany GmbH + Co. OHG,-50.79,0.00,EUR,COMPLETED,396.94
Card Payment,Current,2025-10-01 14:12:15,2025-10-02 12:47:36,Curry Wolf - Currywurst am Brandenburger Tor,-4.50,0.00,EUR,COMPLETED,392.44
Transfer,Current,2025-10-02 02:00:00,2025-10-02 12:55:55,Feather,-6.58,0.00,EUR,COMPLETED,385.86
Card Payment,Current,2025-10-02 10:32:54,2025-10-02 17:21:39,Robert Olic,-10.35,0.00,EUR,COMPLETED,375.51
Deposit,Current,2025-10-02 18:20:21,2025-10-02 18:20:22,Apple Pay deposit by *4616,600.00,0.00,EUR,COMPLETED,975.51
Transfer,Current,2025-10-02 18:20:58,2025-10-02 18:20:58,Transfer to NAVEEN NOORBHASHA,-500.00,0.00,EUR,COMPLETED,475.51
Card Payment,Current,2025-10-02 19:15:17,2025-10-03 03:32:30,Five Rivers,-28.31,0.00,EUR,COMPLETED,447.20
Card Payment,Current,2025-10-02 14:08:59,2025-10-03 03:32:31,Five Rivers,-49.56,0.00,EUR,COMPLETED,397.64
Card Payment,Current,2025-10-02 20:20:57,2025-10-03 06:11:36,BILLA,-13.62,0.00,EUR,COMPLETED,384.02
Card Payment,Current,2025-10-02 15:09:15,2025-10-03 06:13:51,Top Deck Catering S.r.o.,-12.64,0.00,EUR,COMPLETED,371.38
Card Payment,Current,2025-10-02 17:30:42,2025-10-03 06:16:04,Souvenirs Praha,-23.14,0.00,EUR,COMPLETED,348.24
Card Payment,Current,2025-10-03 08:34:48,,Bolt Food,-10.89,0.00,EUR,REVERTED,
Card Payment,Current,2025-10-02 10:50:22,2025-10-03 11:16:27,Staropražské Tradiční Trdlo,-7.45,0.00,EUR,COMPLETED,340.79
Card Payment,Current,2025-10-02 17:40:46,2025-10-03 11:42:52,Bombayere S.r.o.,-66.20,0.00,EUR,COMPLETED,274.59
Card Payment,Current,2025-10-03 09:01:13,2025-10-03 16:33:42,Bolt Food,-7.20,0.00,EUR,COMPLETED,267.39
Card Payment,Current,2025-10-03 10:02:39,2025-10-04 06:00:52,Uber,-6.79,0.00,EUR,COMPLETED,260.60
Card Payment,Current,2025-10-03 15:57:12,2025-10-04 06:01:33,Uber,-19.54,0.00,EUR,COMPLETED,241.06
Card Payment,Current,2025-10-03 19:40:59,2025-10-04 11:04:16,BILLA,-20.37,0.00,EUR,COMPLETED,220.69
Deposit,Current,2025-10-04 12:28:35,2025-10-04 12:28:38,Apple Pay deposit by *4858,200.00,0.00,EUR,COMPLETED,420.69
Card Payment,Current,2025-10-04 20:54:01,2025-10-05 03:28:55,Mr Singh,-22.96,0.00,EUR,COMPLETED,397.73
Card Payment,Current,2025-10-04 14:08:27,2025-10-05 06:12:13,Uber,-30.67,0.00,EUR,COMPLETED,367.06
Card Payment,Current,2025-10-04 14:00:28,2025-10-05 10:10:46,Restaurant Indien Vi,-82.00,0.00,EUR,COMPLETED,285.06
Card Payment,Current,2025-10-04 21:09:33,2025-10-05 13:54:46,Lidl,-4.27,0.00,EUR,COMPLETED,280.79
Card Payment,Current,2025-10-05 19:42:50,,Uber,-8.73,0.00,EUR,REVERTED,
Card Payment,Current,2025-10-05 19:32:19,2025-10-06 03:52:17,Hitchki,-71.24,0.00,EUR,COMPLETED,209.55
Card Payment,Current,2025-10-03 21:17:58,2025-10-06 03:54:30,Indisches Restaurant G,-57.70,0.00,EUR,COMPLETED,151.85
Card Payment,Current,2025-10-04 11:45:55,2025-10-06 03:54:31,Horowitz & Weege,-11.50,0.00,EUR,COMPLETED,140.35
Card Payment,Current,2025-10-06 09:39:09,,Uber,-12.32,0.00,EUR,REVERTED,
Card Payment,Current,2025-10-06 13:04:29,,Uber,-7.27,0.00,EUR,REVERTED,
Card Payment,Current,2025-10-05 16:47:31,2025-10-06 13:12:49,Bazilika,-24.89,0.00,EUR,COMPLETED,115.46
Card Payment,Current,2025-10-06 07:32:01,2025-10-06 13:18:01,Foodora,-7.57,0.00,EUR,COMPLETED,107.89
Card Payment,Current,2025-10-04 19:16:23,2025-10-06 13:45:43,Uber,-7.47,0.00,EUR,COMPLETED,100.42
Card Payment,Current,2025-10-05 16:18:16,2025-10-06 14:09:46,Uber,-7.83,0.00,EUR,COMPLETED,92.59
Card Payment,Current,2025-10-06 12:39:43,2025-10-07 04:48:36,Everest Étterem,-7.96,0.00,EUR,COMPLETED,84.63
Card Payment,Current,2025-10-06 16:35:38,2025-10-07 06:51:42,Don Boardservice,-3.80,0.00,EUR,COMPLETED,80.83
Card Refund,Current,2025-10-06 02:00:00,2025-10-07 13:42:27,Foodora,0.12,0.00,EUR,COMPLETED,80.95
Card Payment,Current,2025-10-06 06:42:53,2025-10-07 14:40:09,Uber,-10.97,0.00,EUR,COMPLETED,69.98
Card Payment,Current,2025-10-06 12:06:31,2025-10-07 14:41:48,Uber,-9.71,0.00,EUR,COMPLETED,60.27
Card Payment,Current,2025-10-06 20:39:11,2025-10-07 14:47:16,Uber,-12.36,0.00,EUR,COMPLETED,47.91
Card Payment,Current,2025-10-07 00:04:32,2025-10-07 15:18:45,Uber,-9.57,0.00,EUR,COMPLETED,38.34
Card Payment,Current,2025-10-07 06:37:14,2025-10-08 07:10:47,Hamid Akbarzada,-2.50,0.00,EUR,COMPLETED,35.84
Card Payment,Current,2025-10-07 06:38:55,2025-10-08 14:54:22,Uber,-14.00,0.00,EUR,COMPLETED,21.84
Deposit,Current,2025-10-08 21:30:30,2025-10-08 21:31:04,Top-up by *5964,200.00,0.00,EUR,COMPLETED,221.84
Card Payment,Current,2025-10-09 17:24:12,2025-10-10 06:52:26,Soenmez Markt,-17.38,0.00,EUR,COMPLETED,204.46
Card Payment,Current,2025-10-09 17:43:04,2025-10-10 14:02:47,ALDI,-17.11,0.00,EUR,COMPLETED,187.35
Card Payment,Current,2025-10-09 12:05:13,2025-10-10 16:02:14,Squarespace,-8.33,0.00,EUR,COMPLETED,179.02
Card Payment,Current,2025-10-11 00:37:48,2025-10-11 10:54:35,Voi De,-0.72,0.00,EUR,COMPLETED,178.30
Card Payment,Current,2025-10-11 16:23:32,2025-10-12 09:31:21,C&A,-50.97,0.00,EUR,COMPLETED,127.33
Card Payment,Current,2025-10-11 18:35:01,2025-10-12 09:38:57,Woolworth,-94.90,0.00,EUR,COMPLETED,32.43
Card Payment,Current,2025-10-11 18:41:09,2025-10-12 09:39:12,ALDI,-1.75,0.00,EUR,COMPLETED,30.68
Card Payment,Current,2025-10-11 16:59:20,2025-10-12 14:36:22,ROSSMANN,-11.62,0.00,EUR,COMPLETED,19.06
Card Payment,Current,2025-10-11 15:48:41,2025-10-12 14:36:24,ROSSMANN,-12.70,0.00,EUR,COMPLETED,6.36
Deposit,Current,2025-10-13 18:32:08,2025-10-13 18:32:47,Top-up by *5964,200.00,0.00,EUR,COMPLETED,206.36
Card Payment,Current,2025-10-13 18:50:36,2025-10-14 06:28:17,Soenmez Markt,-5.36,0.00,EUR,COMPLETED,201.00
Card Payment,Current,2025-10-13 19:15:33,2025-10-14 12:27:59,dm drogerie,-4.95,0.00,EUR,COMPLETED,196.05
Transfer,Current,2025-10-15 14:44:32,2025-10-15 14:49:06,To Deepak Batham,-29.44,0.40,EUR,COMPLETED,166.21
Card Payment,Current,2025-10-15 21:13:49,2025-10-16 06:39:17,Voi De,-2.99,0.00,EUR,COMPLETED,163.22
Card Payment,Current,2025-10-16 21:17:44,,Bolt,-19.20,0.00,EUR,REVERTED,
Card Payment,Current,2025-10-16 16:48:38,2025-10-17 03:54:19,Staycity,-8.00,0.00,EUR,COMPLETED,155.22
Card Payment,Current,2025-10-16 21:28:02,2025-10-17 03:54:46,Bolt,-19.20,0.00,EUR,COMPLETED,136.02
Card Payment,Current,2025-10-16 19:53:34,2025-10-17 06:53:41,Rewe,-12.39,0.00,EUR,COMPLETED,123.63
Card Payment,Current,2025-10-16 21:16:18,2025-10-17 07:03:14,Curry Club,-64.40,0.00,EUR,COMPLETED,59.23
Deposit,Current,2025-10-17 08:07:29,2025-10-17 08:07:32,Apple Pay deposit by *4858,200.00,0.00,EUR,COMPLETED,259.23
Charge,Current,2025-10-18 02:40:35,2025-10-18 02:40:35,Premium plan fee,0.00,7.99,EUR,COMPLETED,251.24
Card Payment,Current,2025-10-17 19:35:39,2025-10-18 08:09:16,Indian Bazaar,-11.98,0.00,EUR,COMPLETED,239.26
Card Payment,Current,2025-10-17 08:05:58,2025-10-18 10:23:54,Staycity Aparthotel,-1.75,0.00,EUR,COMPLETED,237.51
Card Payment,Current,2025-10-17 08:07:55,2025-10-18 16:01:57,Uber,-15.20,0.00,EUR,COMPLETED,222.31
Card Payment,Current,2025-10-17 19:20:33,2025-10-18 17:02:34,ALDI,-4.19,0.00,EUR,COMPLETED,218.12
Card Payment,Current,2025-10-17 10:44:42,2025-10-18 17:03:02,McDonald's,-7.38,0.00,EUR,COMPLETED,210.74
Transfer,Current,2025-10-20 02:00:00,2025-10-20 12:44:30,"Open Bank, S.A. (Zinia)",-77.12,0.00,EUR,COMPLETED,133.62
Deposit,Current,2025-10-20 19:29:32,2025-10-20 19:29:36,Apple Pay deposit by *4858,1000.00,0.00,EUR,COMPLETED,1133.62
Transfer,Current,2025-10-20 19:29:58,2025-10-21 02:55:03,To Deepak Batham Advanzia CC,-1000.00,0.00,EUR,COMPLETED,133.62
Deposit,Current,2025-10-21 03:12:34,2025-10-21 03:12:35,Payment from DB VERTRIEB GMBH,44.00,0.00,EUR,COMPLETED,177.62
Card Payment,Current,2025-10-20 08:23:13,2025-10-21 16:49:03,Google Play,-5.19,0.00,EUR,COMPLETED,172.43
Card Payment,Current,2025-10-17 12:41:39,2025-10-22 03:54:46,Gbr Mit A Dhungel U. S,-13.40,0.00,EUR,COMPLETED,159.03
Card Payment,Current,2025-10-21 18:18:01,2025-10-22 06:32:21,Soenmez Markt,-8.28,0.00,EUR,COMPLETED,150.75
Card Payment,Current,2025-10-21 18:10:23,2025-10-22 12:03:13,Indian Bazaar,-26.98,0.00,EUR,COMPLETED,123.77
Card Payment,Current,2025-10-21 18:33:46,2025-10-22 12:05:49,ALDI,-8.40,0.00,EUR,COMPLETED,115.37
Card Payment,Current,2025-10-22 19:59:47,2025-10-23 06:32:38,Voi De,-0.92,0.00,EUR,COMPLETED,114.45
Card Payment,Current,2025-10-23 20:14:02,2025-10-24 06:33:33,Voi De,-1.15,0.00,EUR,COMPLETED,113.30
Card Payment,Current,2025-10-23 17:41:34,2025-10-24 06:43:09,Soenmez Markt,-5.55,0.00,EUR,COMPLETED,107.75
Card Payment,Current,2025-10-23 17:46:07,2025-10-24 15:30:45,Indian Bazaar,-6.84,0.00,EUR,COMPLETED,100.91
Card Payment,Current,2025-10-23 20:02:16,2025-10-24 15:30:52,Netto Marken-Discount,-3.98,0.00,EUR,COMPLETED,96.93
Card Payment,Current,2025-10-24 21:40:03,2025-10-25 06:23:57,Anthropic,-21.42,0.00,EUR,COMPLETED,75.51
Card Payment,Current,2025-10-24 19:46:22,2025-10-25 10:13:40,ALDI,-15.74,0.00,EUR,COMPLETED,59.77
Deposit,Current,2025-10-28 03:15:25,2025-10-28 03:15:25,Payment from DEEPAK BATHAM,200.00,0.00,EUR,COMPLETED,259.77
Card Payment,Current,2025-10-27 19:48:42,2025-10-28 04:41:07,Soenmez Markt,-10.49,0.00,EUR,COMPLETED,249.28
Transfer,Current,2025-10-28 01:00:00,2025-10-28 12:48:29,FIT/One GmbH,-29.00,0.00,EUR,COMPLETED,220.28
Transfer,Current,2025-10-28 01:00:00,2025-10-28 12:48:30,FIT/One GmbH,-29.00,0.00,EUR,COMPLETED,191.28
Card Payment,Current,2025-10-28 20:20:48,2025-10-29 09:10:57,Voi De,-0.92,0.00,EUR,COMPLETED,190.36
Deposit,Current,2025-10-30 09:44:47,2025-10-30 09:45:19,Top-up by *5964,500.00,0.00,EUR,COMPLETED,690.36
Transfer,Current,2025-10-30 09:45:46,2025-10-30 09:49:16,To Deepak Batham,-487.64,0.59,EUR,COMPLETED,202.13
Card Payment,Current,2025-10-30 19:39:02,2025-10-31 11:51:45,Indian Bazaar,-21.47,0.00,EUR,COMPLETED,180.66
Transfer,Current,2025-10-31 01:00:00,2025-10-31 12:47:56,Telefonica Germany GmbH + Co. OHG,-50.79,0.00,EUR,COMPLETED,129.87
Card Payment,Current,2025-11-01 23:56:51,2025-11-02 12:50:34,Apple,-9.99,0.00,EUR,COMPLETED,119.88
Card Payment,Current,2025-11-01 19:14:43,2025-11-02 13:38:14,TEDi,-13.30,0.00,EUR,COMPLETED,106.58
Card Payment,Current,2025-11-01 19:32:59,2025-11-02 13:57:25,ALDI,-12.00,0.00,EUR,COMPLETED,94.58
Deposit,Current,2025-11-04 11:23:48,2025-11-04 11:23:51,Top-up by *5964,150.00,0.00,EUR,COMPLETED,244.58
Transfer,Current,2025-11-04 01:00:00,2025-11-04 13:15:41,Feather,-6.58,0.00,EUR,COMPLETED,238.00
Card Payment,Current,2025-11-03 19:54:49,2025-11-04 14:41:07,ALDI,-7.19,0.00,EUR,COMPLETED,230.81
Card Payment,Current,2025-11-04 20:45:08,2025-11-05 09:03:48,Voi De,-1.15,0.00,EUR,COMPLETED,229.66
ATM,Current,2025-11-04 12:22:18,2025-11-05 09:08:45,Cash withdrawal at *deutsche Bank Ag,-50.00,0.00,EUR,COMPLETED,179.66
Transfer,Current,2025-11-05 11:25:34,2025-11-05 11:25:35,Transfer from NAVEEN NOORBHASHA,3.50,0.00,EUR,COMPLETED,183.16
Card Payment,Current,2025-11-05 13:28:11,2025-11-06 06:57:49,Voi De,-0.92,0.00,EUR,COMPLETED,182.24
Card Payment,Current,2025-11-05 20:22:06,2025-11-06 15:35:32,Netto Marken-Discount,-11.74,0.00,EUR,COMPLETED,170.50
Deposit,Current,2025-11-07 10:38:57,2025-11-07 10:38:59,Top-up by *5964,150.00,0.00,EUR,COMPLETED,320.50
Card Payment,Current,2025-11-06 11:38:06,2025-11-07 15:30:55,Deichmann,-49.98,0.00,EUR,COMPLETED,270.52
Card Payment,Current,2025-11-06 12:05:50,2025-11-07 15:37:01,Woolworth,-17.00,0.00,EUR,COMPLETED,253.52
Card Payment,Current,2025-11-06 12:22:06,2025-11-07 15:37:39,ALDI,-13.64,0.00,EUR,COMPLETED,239.88
Card Payment,Current,2025-11-08 19:28:17,2025-11-09 09:38:55,ALDI,-3.49,0.00,EUR,COMPLETED,236.39
Card Payment,Current,2025-11-08 19:14:23,2025-11-09 14:28:06,Woolworth,-4.75,0.00,EUR,COMPLETED,231.64
Transfer,Current,2025-11-10 01:00:00,2025-11-10 12:44:26,"Open Bank, S.A. (Zinia)",-19.19,0.00,EUR,COMPLETED,212.45
Card Payment,Current,2025-11-09 11:06:06,2025-11-10 16:52:04,Squarespace,-8.39,0.00,EUR,COMPLETED,204.06
Card Payment,Current,2025-11-10 11:12:17,2025-11-11 06:43:55,Voi De,-1.61,0.00,EUR,COMPLETED,202.45
Transfer,Current,2025-11-12 12:45:19,2025-11-12 12:45:20,To Klarna Bank AB publ,-0.01,0.00,EUR,COMPLETED,202.44
Card Payment,Current,2025-11-12 09:57:09,2025-11-13 06:46:14,City Apotheke Harburg,-5.00,0.00,EUR,COMPLETED,197.44
Card Payment,Current,2025-11-12 11:06:18,2025-11-13 15:26:49,Raz Hasli,-60.21,0.00,EUR,COMPLETED,137.23
Deposit,Current,2025-11-13 18:57:59,2025-11-13 18:58:02,Apple Pay deposit by *4858,100.00,0.00,EUR,COMPLETED,237.23
Card Payment,Current,2025-11-13 17:53:47,2025-11-14 06:39:04,Voi De,-1.15,0.00,EUR,COMPLETED,236.08
Card Payment,Current,2025-11-13 10:36:01,2025-11-14 12:06:15,ALDI,-9.47,0.00,EUR,COMPLETED,226.61
Transfer,Current,2025-11-14 15:08:38,2025-11-14 15:08:40,To Deepak Batham TR,-40.00,0.00,EUR,COMPLETED,186.61
Transfer,Current,2025-11-15 07:00:56,2025-11-15 07:00:56,Transfer from NAVEEN NOORBHASHA,871.00,0.00,EUR,COMPLETED,1057.61
Card Payment,Current,2025-11-15 21:13:51,2025-11-16 06:09:26,Voi De,-2.99,0.00,EUR,COMPLETED,1054.62
Charge,Current,2025-11-18 02:50:08,2025-11-18 02:50:08,Premium plan fee,0.00,7.99,EUR,COMPLETED,1046.63
Transfer,Current,2025-11-18 10:36:11,2025-11-18 11:10:05,To Deepak Batham Advanzia CC,-800.00,0.00,EUR,COMPLETED,246.63
Deposit,Current,2025-11-19 10:22:56,2025-11-19 10:22:57,Payment from KLARNA BANK AB,0.01,0.00,EUR,COMPLETED,246.64
Card Payment,Current,2025-11-18 19:36:22,2025-11-19 11:12:54,ALDI,-8.05,0.00,EUR,COMPLETED,238.59
Transfer,Current,2025-11-19 01:00:00,2025-11-19 12:42:44,"Open Bank, S.A. (Zinia)",-77.12,0.00,EUR,COMPLETED,161.47
Card Payment,Current,2025-11-19 10:19:44,2025-11-20 04:40:42,dm drogerie,-29.75,0.00,EUR,COMPLETED,131.72
Card Payment,Current,2025-11-19 17:28:19,2025-11-20 06:31:32,Voi De,-0.69,0.00,EUR,COMPLETED,131.03
Card Payment,Current,2025-11-19 10:38:20,2025-11-20 06:31:36,Voi De,-1.38,0.00,EUR,COMPLETED,129.65
Card Payment,Current,2025-11-20 20:00:41,2025-11-21 03:33:45,Marcsi Bomberk,-12.00,0.00,EUR,COMPLETED,117.65
Card Payment,Current,2025-11-20 19:49:15,2025-11-21 10:37:30,ALDI,-12.22,0.00,EUR,COMPLETED,105.43
Deposit,Current,2025-11-21 14:36:52,2025-11-21 14:36:56,Top-up by *5964,200.00,0.00,EUR,COMPLETED,305.43
Card Payment,Current,2025-11-21 18:46:10,2025-11-22 03:29:16,Lindt,-56.09,0.00,EUR,COMPLETED,249.34
Card Payment,Current,2025-11-21 16:16:28,2025-11-22 03:29:23,Only Stores Germany Gmbh,-20.15,0.00,EUR,COMPLETED,229.19
Card Payment,Current,2025-11-21 14:45:51,2025-11-22 03:29:26,Nike,-90.62,0.00,EUR,COMPLETED,138.57
Card Payment,Current,2025-11-21 15:46:54,2025-11-22 03:29:27,Nike,-48.98,0.00,EUR,COMPLETED,89.59
Card Payment,Current,2025-11-21 15:01:10,2025-11-22 03:33:27,Five Guys,-21.85,0.00,EUR,COMPLETED,67.74
Deposit,Current,2025-11-22 09:35:53,2025-11-22 09:36:22,Top-up by *5964,1300.00,0.00,EUR,COMPLETED,1367.74
Transfer,Current,2025-11-22 09:57:47,2025-11-24 18:31:17,To Megi Talavia,-9.60,0.40,EUR,COMPLETED,1357.74
Deposit,Current,2025-11-24 21:38:31,2025-11-24 21:38:32,Payment from VISHRUTI ATUL REWATKAR,10.00,0.00,EUR,COMPLETED,1367.74
Deposit,Current,2025-11-24 21:41:03,2025-11-24 21:41:04,Payment from VISHRUTI ATUL REWATKAR,1086.30,0.00,EUR,COMPLETED,2454.04
Transfer,Current,2025-11-24 22:10:39,2025-11-25 02:55:01,To Deepak Batham Advanzia CC,-1200.00,0.00,EUR,COMPLETED,1254.04
Card Payment,Current,2025-11-24 20:38:10,2025-11-25 04:07:48,Anthropic,-21.42,0.00,EUR,COMPLETED,1232.62
Transfer,Current,2025-11-24 21:21:01,2025-11-25 05:51:18,To Megi Talavia,-1084.99,1.30,EUR,COMPLETED,146.33
Card Payment,Current,2025-11-24 19:49:12,2025-11-25 11:09:07,ALDI,-9.62,0.00,EUR,COMPLETED,136.71
Card Payment,Current,2025-11-25 19:59:14,2025-11-26 12:11:28,Netto Marken-Discount,-8.50,0.00,EUR,COMPLETED,128.21
Card Payment,Current,2025-11-26 19:30:22,2025-11-27 06:36:59,Çaglar Bäckerei,-7.03,0.00,EUR,COMPLETED,121.18
Deposit,Current,2025-11-27 20:40:32,2025-11-27 20:40:35,Top-up by *5964,200.00,0.00,EUR,COMPLETED,321.18
Card Payment,Current,2025-11-27 14:09:12,2025-11-28 06:38:12,Mango,-37.98,0.00,EUR,COMPLETED,283.20
Transfer,Current,2025-11-28 10:37:00,2025-11-28 10:37:06,To DZR GMBH,-80.00,0.00,EUR,COMPLETED,203.20
Card Payment,Current,2025-11-27 13:02:48,2025-11-28 16:13:13,Deichmann,-27.56,0.00,EUR,COMPLETED,175.64
Transfer,Current,2025-11-29 11:12:39,2025-11-29 11:12:41,To Deepak Batham TR,-40.00,0.00,EUR,COMPLETED,135.64
Deposit,Current,2025-11-29 11:12:58,2025-11-29 11:13:02,Top-up by *5964,200.00,0.00,EUR,COMPLETED,335.64
Card Payment,Current,2025-11-29 17:14:17,2025-11-30 06:35:15,Aktu Markt,-5.27,0.00,EUR,COMPLETED,330.37
Card Payment,Current,2025-11-29 16:51:30,2025-11-30 15:53:48,Indian Bazaar,-5.94,0.00,EUR,COMPLETED,324.43
Card Payment,Current,2025-11-29 16:43:19,2025-11-30 15:54:27,Blume2000.de,-20.99,0.00,EUR,COMPLETED,303.44
Transfer,Current,2025-12-02 10:46:12,2025-12-02 10:49:21,To Deepak Batham,-96.33,0.40,EUR,COMPLETED,206.71
Card Payment,Current,2025-12-02 00:55:49,2025-12-02 12:05:40,Apple,-9.99,0.00,EUR,COMPLETED,196.72
Transfer,Current,2025-12-02 01:00:00,2025-12-02 12:50:04,Telefonica Germany GmbH + Co. OHG,-95.94,0.00,EUR,COMPLETED,100.78
Transfer,Current,2025-12-02 01:00:00,2025-12-02 13:22:52,Feather,-6.58,0.00,EUR,COMPLETED,94.20
Card Payment,Current,2025-12-01 19:55:51,2025-12-02 13:55:55,dm drogerie,-23.15,0.00,EUR,COMPLETED,71.05
Card Payment,Current,2025-12-02 20:10:45,2025-12-03 06:40:25,Voi De,-0.69,0.00,EUR,COMPLETED,70.36
Deposit,Current,2025-12-03 08:12:18,2025-12-03 08:12:46,Top-up by *5964,400.00,0.00,EUR,COMPLETED,470.36
Transfer,Current,2025-12-03 08:13:43,2025-12-03 08:13:44,To Deepak Batham,-200.00,0.00,EUR,COMPLETED,270.36
Card Payment,Current,2025-12-02 18:04:22,2025-12-03 15:54:44,ALDI,-10.08,0.00,EUR,COMPLETED,260.28
Card Payment,Current,2025-12-03 18:26:39,2025-12-04 06:37:11,Indian Bazaar,-5.70,0.00,EUR,COMPLETED,254.58
Card Payment,Current,2025-12-03 19:21:16,2025-12-04 12:09:44,ALDI,-8.34,0.00,EUR,COMPLETED,246.24
Card Payment,Current,2025-12-04 09:42:35,2025-12-05 16:58:33,Raz H And M Hennes And Ma,-109.87,0.00,EUR,COMPLETED,136.37
Card Payment,Current,2025-12-05 14:58:17,2025-12-06 06:24:30,EDEKA,-7.57,0.00,EUR,COMPLETED,128.80
Deposit,Current,2025-12-06 07:37:52,2025-12-06 07:38:17,Top-up by *5964,1000.00,0.00,EUR,COMPLETED,1128.80
Transfer,Current,2025-12-06 07:39:46,2025-12-06 07:45:16,To Deepak Batham,-959.99,1.15,EUR,COMPLETED,167.66
Transfer,Current,2025-12-08 01:00:00,2025-12-08 12:47:58,"Open Bank, S.A. (Zinia)",-19.19,0.00,EUR,COMPLETED,148.47
Deposit,Current,2025-12-08 13:59:09,2025-12-08 13:59:13,Top-up by *5964,100.00,0.00,EUR,COMPLETED,248.47
Card Payment,Current,2025-12-08 13:55:06,2025-12-09 04:21:06,Zalando Payments,-29.99,0.00,EUR,COMPLETED,218.48
Card Payment,Current,2025-12-08 13:58:34,2025-12-09 14:48:25,Zalando Payments,-70.39,0.00,EUR,COMPLETED,148.09
Card Payment,Current,2025-12-09 11:06:14,2025-12-10 15:50:23,Squarespace,-8.21,0.00,EUR,COMPLETED,139.88
Deposit,Current,2025-12-11 13:58:40,2025-12-11 13:58:40,Payment from DEEPAK BATHAM,1000.00,0.00,EUR,COMPLETED,1139.88
Transfer,Current,2025-12-11 14:00:23,2025-12-11 14:53:16,To Deepak Batham Advanzia CC,-1000.00,0.00,EUR,COMPLETED,139.88
Transfer,Current,2025-12-13 04:49:50,2025-12-13 04:49:51,To Deepak Batham TR,-40.00,0.00,EUR,COMPLETED,99.88
Deposit,Current,2025-12-15 04:32:34,2025-12-15 04:32:36,Apple Pay deposit by *4858,100.00,0.00,EUR,COMPLETED,199.88
Transfer,Current,2025-12-15 01:00:00,2025-12-15 13:27:42,Envivas Krankenversicherung AG,-38.80,0.00,EUR,COMPLETED,161.08
Card Payment,Current,2025-12-15 21:13:49,2025-12-16 06:41:42,Voi De,-2.99,0.00,EUR,COMPLETED,158.09
Charge,Current,2025-12-18 01:46:59,2025-12-18 01:46:59,Premium plan fee,0.00,7.99,EUR,COMPLETED,150.10
Deposit,Current,2025-12-19 10:22:08,2025-12-19 10:22:11,Apple Pay deposit by *4858,500.00,0.00,EUR,COMPLETED,650.10
Transfer,Current,2025-12-19 10:22:56,2025-12-19 10:28:31,To Deepak Batham,-475.18,0.57,EUR,COMPLETED,174.35
Transfer,Current,2025-12-19 01:00:00,2025-12-19 12:46:09,"Open Bank, S.A. (Zinia)",-77.12,0.00,EUR,COMPLETED,97.23
Deposit,Current,2025-12-21 06:33:38,2025-12-21 06:33:40,Apple Pay deposit by *4858,500.00,0.00,EUR,COMPLETED,597.23
Transfer,Current,2025-12-21 06:34:15,2025-12-22 03:11:49,To Deepak Batham Advanzia CC,-446.00,0.00,EUR,COMPLETED,151.23
Transfer,Current,2025-12-23 08:09:12,2025-12-23 08:09:14,To Deepak Batham TR,-40.00,0.00,EUR,COMPLETED,111.23
Deposit,Current,2025-12-23 10:53:08,2025-12-23 10:53:08,Payment from DEEPAK BATHAM,700.00,0.00,EUR,COMPLETED,811.23
Card Payment,Current,2025-12-24 20:37:45,2025-12-25 03:49:32,Anthropic,-21.42,0.00,EUR,COMPLETED,789.81
Transfer,Current,2026-01-02 06:40:55,2026-01-02 06:44:30,To Deepak Batham,-522.40,0.63,EUR,COMPLETED,266.78
Card Payment,Current,2026-01-02 01:00:05,2026-01-02 11:18:06,Apple,-9.99,0.00,EUR,COMPLETED,256.79
Card Refund,Current,2026-01-03 01:00:00,2026-01-03 17:42:56,Raz H And M Hennes And Ma,70.69,0.00,EUR,COMPLETED,327.48
Transfer,Current,2026-01-05 01:00:00,2026-01-05 13:25:09,Feather,-6.58,0.00,EUR,COMPLETED,320.90
Transfer,Current,2026-01-07 01:00:00,2026-01-07 12:45:57,Telefonica Germany GmbH + Co. OHG,-68.61,0.00,EUR,COMPLETED,252.29
Transfer,Current,2026-01-07 01:00:00,2026-01-07 12:46:06,"Open Bank, S.A. (Zinia)",-19.19,0.00,EUR,COMPLETED,233.10
Card Refund,Current,2026-01-09 01:00:00,2026-01-09 16:53:10,Raz H And M Hennes And Ma,19.10,0.00,EUR,COMPLETED,252.20
Card Payment,Current,2026-01-09 11:06:07,2026-01-10 16:31:58,Squarespace,-8.19,0.00,EUR,COMPLETED,244.01
Transfer,Current,2026-01-16 05:56:22,2026-01-16 06:00:34,To Deepak Batham,-200.92,0.40,EUR,COMPLETED,42.69
Card Payment,Current,2026-01-15 21:13:47,2026-01-16 06:12:13,Voi De,-2.99,0.00,EUR,COMPLETED,39.70
Deposit,Current,2026-01-16 16:55:01,2026-01-16 16:55:02,Payment from DEEPAK BATHAM,1600.00,0.00,EUR,COMPLETED,1639.70
Transfer,Current,2026-01-16 17:00:31,2026-01-16 17:00:33,To Deepak Batham TR,-40.00,0.00,EUR,COMPLETED,1599.70
Deposit,Current,2026-01-17 06:13:22,2026-01-17 06:13:54,Top-up by *5964,300.00,0.00,EUR,COMPLETED,1899.70
Transfer,Current,2026-01-17 07:39:45,2026-01-17 07:48:38,To Deepak Batham,-95.55,0.40,EUR,COMPLETED,1803.75
Charge,Current,2026-01-18 02:46:15,2026-01-18 02:46:15,Premium plan fee,0.00,7.99,EUR,COMPLETED,1795.76
Deposit,Current,2026-01-18 15:53:05,2026-01-18 15:53:07,Apple Pay deposit by *5694,300.00,0.00,EUR,COMPLETED,2095.76
Transfer,Current,2026-01-18 15:53:39,2026-01-18 15:57:53,To Deepak Batham,-143.34,0.40,EUR,COMPLETED,1952.02
Transfer,Current,2026-01-16 16:57:34,2026-01-19 02:57:09,To Deepak Batham Advanzia CC,-1547.20,0.00,EUR,COMPLETED,404.82
Transfer,Current,2026-01-19 01:00:00,2026-01-19 12:48:05,"Open Bank, S.A. (Zinia)",-77.12,0.00,EUR,COMPLETED,327.70
Card Payment,Current,2026-01-17 06:16:53,2026-01-19 15:22:18,Emirates,-149.56,0.00,EUR,COMPLETED,178.14
Transfer,Current,2026-01-20 01:00:00,2026-01-20 12:53:29,FIT/One GmbH,-19.80,0.00,EUR,COMPLETED,158.34
Transfer,Current,2026-01-20 01:00:00,2026-01-20 12:53:32,FIT/One GmbH,-19.80,0.00,EUR,COMPLETED,138.54
Card Payment,Current,2026-01-22 12:11:05,,Temu,-7.03,0.00,EUR,REVERTED,
Deposit,Current,2026-01-22 13:07:22,2026-01-22 13:07:24,Apple Pay deposit by *5694,300.00,0.00,EUR,COMPLETED,438.54
Card Payment,Current,2026-01-20 12:22:15,2026-01-22 15:49:59,Emirates,-56.15,0.00,EUR,COMPLETED,382.39
Card Payment,Current,2026-01-22 15:58:43,2026-01-23 06:45:50,Soenmez Markt,-10.32,0.00,EUR,COMPLETED,372.07
Card Payment,Current,2026-01-22 12:44:49,2026-01-24 11:21:49,Temu,-45.38,0.00,EUR,COMPLETED,326.69
Card Payment,Current,2026-01-24 18:50:48,,Alipay,-1.59,0.00,EUR,REVERTED,
Card Payment,Current,2026-01-24 20:38:20,2026-01-25 03:30:48,Anthropic,-21.42,0.00,EUR,COMPLETED,305.27
Card Payment,Current,2026-01-24 17:27:05,2026-01-25 06:11:30,Deichmann,-9.09,0.00,EUR,COMPLETED,296.18
Card Payment,Current,2026-01-26 19:49:15,2026-01-27 10:36:52,ALDI,-9.95,0.00,EUR,COMPLETED,286.23
Deposit,Current,2026-01-28 10:37:03,2026-01-28 10:37:03,Payment from DEEPAK BATHAM,1500.00,0.00,EUR,COMPLETED,1786.23
Transfer,Current,2026-01-28 11:00:33,2026-01-28 11:04:28,To Deepak Batham,-456.41,0.55,EUR,COMPLETED,1329.27
Transfer,Current,2026-01-28 10:58:55,2026-01-28 11:48:58,To Deepak Batham Advanzia CC,-1000.00,0.00,EUR,COMPLETED,329.27
Card Payment,Current,2026-01-27 19:57:20,2026-01-28 12:23:56,ALDI,-20.76,0.00,EUR,COMPLETED,308.51
Transfer,Current,2026-01-30 01:00:00,2026-01-30 12:50:41,Telefonica Germany GmbH + Co. OHG,-79.83,0.00,EUR,COMPLETED,228.68
Card Payment,Current,2026-01-30 19:54:28,2026-01-31 13:03:50,ALDI,-15.71,0.00,EUR,COMPLETED,212.97
Card Payment,Current,2026-01-31 19:22:02,,Voi De,-5.00,0.00,EUR,REVERTED,
Card Payment,Current,2026-01-31 19:22:49,,Voi De,-5.00,0.00,EUR,REVERTED,
Card Payment,Current,2026-01-31 19:30:29,2026-02-01 06:21:59,Voi De,-2.83,0.00,EUR,COMPLETED,210.14
Card Payment,Current,2026-01-31 19:30:32,2026-02-01 06:22:00,Voi De,-2.07,0.00,EUR,COMPLETED,208.07
Card Payment,Current,2026-01-31 18:48:18,2026-02-01 06:32:09,EDEKA,-5.49,0.00,EUR,COMPLETED,202.58
Deposit,Current,2026-02-01 20:41:53,2026-02-01 20:41:54,Apple Pay deposit by *5694,300.00,0.00,EUR,COMPLETED,502.58
Card Payment,Current,2026-02-01 12:36:49,2026-02-02 15:04:44,Wolt,-12.98,0.00,EUR,COMPLETED,489.60
Card Payment,Current,2026-02-02 00:56:10,2026-02-02 15:26:31,Apple,-9.99,0.00,EUR,COMPLETED,479.61
Card Payment,Current,2026-02-01 20:07:48,2026-02-02 15:51:11,Uber Eats,-44.41,0.00,EUR,COMPLETED,435.20
Card Payment,Current,2026-02-01 16:01:14,2026-02-03 12:30:53,Amazon,-45.86,0.00,EUR,COMPLETED,389.34
Transfer,Current,2026-02-03 01:00:00,2026-02-03 12:53:18,FIT/One GmbH,-19.80,0.00,EUR,COMPLETED,369.54
Transfer,Current,2026-02-03 01:00:00,2026-02-03 12:53:20,FIT/One GmbH,-19.80,0.00,EUR,COMPLETED,349.74
Transfer,Current,2026-02-03 01:00:00,2026-02-03 13:28:27,Feather,-6.58,0.00,EUR,COMPLETED,343.16
Transfer,Current,2026-02-04 15:20:10,2026-02-04 15:20:13,To Deepak Batham TR,-100.00,0.00,EUR,COMPLETED,243.16
Card Payment,Current,2026-02-03 13:00:01,2026-02-05 15:29:21,The Ogpd,-16.54,0.00,EUR,COMPLETED,226.62
Card Payment,Current,2026-02-04 19:53:19,2026-02-05 17:49:27,ALDI,-14.01,0.00,EUR,COMPLETED,212.61
Transfer,Current,2026-02-06 01:00:00,2026-02-06 12:41:44,"Open Bank, S.A. (Zinia)",-19.19,0.00,EUR,COMPLETED,193.42
Card Payment,Current,2026-02-06 19:56:45,2026-02-07 06:39:39,Soenmez Markt,-7.98,0.00,EUR,COMPLETED,185.44
ATM,Current,2026-02-06 19:49:22,2026-02-07 12:20:40,Cash withdrawal at Hamburger Volksbank Eg,-50.00,0.00,EUR,COMPLETED,135.44
Card Payment,Current,2026-02-09 11:02:01,2026-02-10 16:18:48,Squarespace,-7.99,0.00,EUR,COMPLETED,127.45
Card Payment,Current,2026-02-09 16:59:58,2026-02-10 16:20:03,Google One,-15.11,0.00,EUR,COMPLETED,112.34
Card Payment,Current,2026-02-09 07:06:18,2026-02-10 16:20:45,Meta Pay,-4.92,0.00,EUR,COMPLETED,107.42
Card Payment,Current,2026-02-11 19:23:25,2026-02-12 06:52:21,Voi De,-0.90,0.00,EUR,COMPLETED,106.52
Card Payment,Current,2026-02-15 21:13:48,2026-02-16 06:34:39,Voi De,-2.99,0.00,EUR,COMPLETED,103.53
Deposit,Current,2026-02-16 12:34:03,2026-02-16 12:34:05,Apple Pay deposit by *5694,300.00,0.00,EUR,COMPLETED,403.53
Transfer,Current,2026-02-16 12:35:10,2026-02-16 12:35:12,To Deepak Batham TR,-50.00,0.00,EUR,COMPLETED,353.53
Transfer,Current,2026-02-16 12:37:05,2026-02-16 12:37:06,To Deepak Batham TR,-50.00,0.00,EUR,COMPLETED,303.53
Transfer,Current,2026-02-16 12:34:47,2026-02-16 12:42:14,To Deepak Batham,-93.37,0.40,EUR,COMPLETED,209.76
Card Payment,Current,2026-02-16 16:10:26,2026-02-17 12:02:39,Zalando Payments,-19.99,0.00,EUR,COMPLETED,189.77
Transfer,Current,2026-02-17 01:00:00,2026-02-17 12:46:25,"Open Bank, S.A. (Zinia)",-77.12,0.00,EUR,COMPLETED,112.65
Transfer,Current,2026-02-17 01:00:00,2026-02-17 12:52:04,FIT/One GmbH,-19.80,0.00,EUR,COMPLETED,92.85
Transfer,Current,2026-02-17 01:00:00,2026-02-17 12:52:04,FIT/One GmbH,-19.80,0.00,EUR,COMPLETED,73.05
Charge,Current,2026-02-18 01:48:42,2026-02-18 01:48:42,Premium plan fee,0.00,7.99,EUR,COMPLETED,65.06
Deposit,Current,2026-02-19 12:20:36,2026-02-19 12:20:37,Apple Pay deposit by *5694,200.00,0.00,EUR,COMPLETED,265.06
Transfer,Current,2026-02-19 12:21:07,2026-02-19 12:29:46,To Pooja Batham,-102.85,0.40,EUR,COMPLETED,161.81
Card Payment,Current,2026-02-19 13:03:57,,Temu,-5.24,0.00,EUR,REVERTED,
Card Payment,Current,2026-02-19 19:59:13,2026-02-20 10:16:25,ALDI,-12.94,0.00,EUR,COMPLETED,148.87
Deposit,Current,2026-02-24 03:13:51,2026-02-24 03:13:52,Payment from DEEPAK BATHAM,1000.00,0.00,EUR,COMPLETED,1148.87
Transfer,Current,2026-02-27 10:01:16,2026-02-27 10:05:26,To Deepak Batham,-467.27,0.56,EUR,COMPLETED,681.04
Card Payment,Current,2026-02-27 11:19:22,,Temu,-49.80,0.00,EUR,PENDING,
